
@TechReport{Johnson05,
  author = 	 {Philip Johnson},
  title = 	 {Hackystat Framework},
  institution =  {Collaborative Software Development Laboratory, Department of Information and Computer Sciences, University of Hawaii},
  year = 	 {2005},
  month = 	 {January},
  howpublished = "\url{<http://hackystat.ics.hawaii.edu/hackystat/docbook>}"
}

@Misc{SoftwareReviewGuidelines,
  key =          "SoftwareReviewGuidelines",
  author =       {Philip Johnson},
  title =        "{Software Review Guidelines}",
  journal =      "{Hackystat Developer Documentation}",
  howpublished = "\url{<http://hackystat.org/hackyDevSite/doc/Review.html>}"
}

@Misc{SnapshotEnhancement,
  key =          "SnapshoEnhancement",
  author =       {Aaron A. Kagawa},
  title =        "{Snapshot Sensor Data Type Enhancements}",
  journal =      "{Hackystat Developer Documentation}",
  howpublished = "\url{<http://hackystat.org/hackyDevSite/doc/SnapshotEnhancements.html>}"
}

@Misc{Jupiter,
  key =          "Jupiter",
  title =        "{The Jupiter Code Review Eclipse Plugin}",
  howpublished = "\url{<http://csdl.ics.hawaii.edu/Tools/Jupiter/>}"
}

@Misc{Locc,
  key =          "Locc",
  title =        "{LOCC code counter}",
  howpublished = "\url{<http://csdl.ics.hawaii.edu/Tools/LOCC/>}"
}

@Misc{Jess,
  key =          "Jess",
  title =        "{JESS, The Rule Engine for the Java Platform}",
  howpublished = "\url{<http://http://herzberg.ca.sandia.gov/jess/>}"
}

@InProceedings{Berry02,
  author =      "Daniel M. Berry",
  title =       "The Inevitable Pain of Software Development: Why there is not silver bullet", 
  pages =       "50-74",
  booktitle =   "RISSEF",
  year =        "2004",
  publisher =   "Springer"
  volume =      "2941",
  year =        "2004"
}

@InProceedings{BifflH01,
  author =       "Stefan Biffl and Michael Halling",
  title =        "A Value-Based Framework for the Evaluation of Software Inspection Processes", 
  booktitle =    "WISE'01: Proceedings of the 1st Workshop on Inspection in Software Engineering",
  publisher =    "Software Quality Research Lab, McMaster University",
  year =         "2001",
  month =        "Jul",
  pages =        "40-48"
}

@TechReport{Bush1989,
  author = 	 {Marilyn Bush},
  title = 	 {The Jet Propulsion Laboratory's Experience with Formal Inspections},
  institution =  {AcceleraResearch, Inc.},
  year = 	 {2003},
  month = 	 {March},
}

@TechReport{Bush1990,
  author = 	 {Marilyn Bush},
  title = 	 {Formal Inspections: Do they really help?},
  institution =  {NSIA Sixth Annual National Joint Conference on Software Quality and Productivity},
  year = 	 {1990},
  month = 	 {April},
}

@Article{Boehm01,
  author = 	 {Barry Boehm and Victor R. Basili},
  title = 	 {Software Defect Reduction Top 10 List},
  journal = 	 {{IEEE} Computer},
  year = 	 {2001}
}

@TechReport{BriandFV00,
  author = 	 {Lionel C. Briand and Bernd Freimut and Ferdinand Vollei},
  title = 	 {Using Multiple Adaptive Regressing Splines to Understand Trends in Inspection Data and Identify Optimal Inspection Rates},
  institution =  {International Software Engineering Research Network},
  year = 	 {2000},
  institution =  {Carleton University, Canada}

}

@Book{DeMarco82,
  author = 	 {Tom DeMarco},
  title = 	 {Controlling Software Projects},
  publisher = 	 {Yourdon Press, New York},
  year = 	 {1982},
}

@Book{Ebenau94b,
  author = 	 {Robert G. Ebenau and Susan H. Strauss},
  title = 	 {Software inspection process},
  publisher = 	 {McGraw Hill Inc, New York},
  year = 	 {1994},
}

@Article{Finkelstein82,
  author = 	 {L. Finkelstein},
  title = 	 {What is not measureable, make measurable},
  journal = 	 {Measurement and Control},
  year = 	 {1982}
}

@Article{Glass99,
  author = 	 {Robert L. Glass},
  title = 	 {Inspections-Some Surprising Findings},
  journal = 	 {Communications ofthe ACM},
  volume =       {42},
  number =       {4},
  year = 	 {1999}
}

@Book{Glass03,
  author =    "R. L. Glass",
  title =     "{F}acts and facilities of software engineering",
  publisher = "Pearson Education, Inc.",
  year =      "2003",
  address =   "Boston, MA"
}

@Article{Gilb99,
  author = 	 {Tom Gilb},
  title = 	 {Software Inspections are not for quality, but for engineering economics},
  journal =      "IEEE Software on Inspection",
  year = 	 {1999}
}

@Article{Gilb98,
  author =     "Tom Gilb",
  title =      "Optimizing Software Inspections",
  journal =    "Crosstalk",
  volumne =    "11",
  number =     "3",
  month =      "March",
  year =       "1998"
}

@Book{Fowler99,
  author =    "Martin Fowler",
  title =     "Refactoring: Improving the Design of Existing Code",
  publisher = "Addison-Wesley",
  year =      "1999"
}

@Article{IEEEGlossary83,
  author = "Software Engineering Technical Committee of the IEEE Compter Society",
  title  = "{IEEE} Standard Glossary of Software Engineering Terminology",
  journal = "IEEE-STD-729-1983 (New York; IEEE)", 
  year   = "1983"
}

@Article{Kamperman05,
  author = "Jasper Kamperman",
  title  = "How to Jump-Start Inspection by Outsourcing",
  journal = "StickyMinds.com", 
  year   = "2005"
}

@InProceedings{KohlerRS98,
  author    = {Gerd Kohler and Heinrich Rust and Frank Simon},
  title     = {An Assessment of Large Object Oriented Software Systems: A metrics based approach},
  booktitle = {Object-Oriented Product Metrics for Software Quality Assessment Workshop on 12th European Conference on Object-Oriented Programming},
  year      = {1998},
  pages     = {16-23},
}

@TechReport{Kulik2003,
  author = 	 {Peter Kulik and Megan Haas},
  title = 	 {Software Metrics Best Practices -- 2003},
  institution =  {AcceleraResearch, Inc.},
  year = 	 {2003},
  month = 	 {March},
}

@InProceedings{NagappanWPSV04,
  author    = {Nachiappan Nagappan and
               Laurie A. Williams and
               John P. Hudepohl and
               Will Snipes and
               Mladen Vouk},
  title     = {Preliminary Results On Using Static Analysis Tools For Software
               Inspection.},
  booktitle = {ISSRE},
  year      = {2004},
  pages     = {429-439},
  ee        = {http://doi.ieeecomputersociety.org/10.1109/ISSRE.2004.30},
  crossref  = {DBLP:conf/issre/2004},
  bibsource = {DBLP, http://dblp.uni-trier.de}
}

@InProceedings{NagappanB05,
  author    = {Nachiappan Nagappan and Thomas Ball},
  title     = {Static Analysis Tools as Early Indicators of Pre-Release Defect Density},
  booktitle = {The International Conference on Software Engineering},
  year      = {2005},
  pages     = {580-586},
}

@InProceedings{vanEmden02,
  author =       "Eva van Emden and Leon Moonen",
  title =        "Java Quality Assurance by Detecting Code Smells",
  booktitle =    "Proceedings of the 9th Working Conference on
                  Reverse Engineering",
  publisher =    "IEEE Computer Society Press",
  year =         "2002",
  month =        "Oct",
}

@Article{Wiegers98,
  author =    "Karl E. Wiegers",
  title =     "Seven Deadly Sins of Software Reviews",
  journal =   "Software Development",
  volume =    "6",
  number =    "3",
  month =     "March",
  year =      "1998"
}

@Article{Wiegers01,
  author =    "Karl E. Wiegers",
  title =     "When Two Eyes Aren't Enough",
  journal =   "Software Development",
  volume =    "9",
  number =    "10",
  month =     "March/April",
  year =      "2001"
}

@Book{Wiegers02,
  author =    "Karl E. Wiegers",
  title =     "Peer reviews in software: A practical guide",
  publisher = "Addison-Wesley",
  year =      "2002",
  address =   "Boston, MA"
}












