@book{reeves2009total,
  title={Total engagement: using games and virtual worlds to change the way people work and businesses compete},
  author={Reeves, B. and Read, J.L.},
  year={2009},
  publisher={Harvard Business School Press}
}

@book{mcgonigal2011reality,
  title={Reality is broken: Why games make us better and how they can change the world},
  author={McGonigal, J.},
  year={2011},
  publisher={Penguin Pr}
}

@inproceedings{krentz1998play,
  title={Play and education in Plato's Republic},
  author={Krentz, A.A.},
  booktitle={Twentieth Congress of Philosophy. http://www.bu.edu/wcp/Papers/Educ/EducKren.htm},
  year={1998}
}

@book{walters1929guide,
  title={A Guide to the Exhibition Illustrating Greek and Roman Life},
  author={Walters, HB and British Museum. Department of Greek and Roman Antiquities},
  year={1929},
  publisher={British Museum}
}

@inproceedings{chorost2011,
  title={How I kicked my addiction to the iPhone game Angry Birds},
  author={Chorost, Michael},
  booktitle={Blog. http://www.psychologytoday.com/blog/world-wide-mind/201101/how-i-kicked-my-addiction-the-iphone-game-angry-birds},
   year={2011}
}

@inproceedings{Michaelson2010,
  title={8 Ways FarmVille Designs for Engagement},
  author={Michaelson, Phil},
  booktitle={Blog. http://www.philmichaelson.com/user-generated-content/8-design-tactics-farmville/},
   year={2011}
}

@book{csikszentmihalyi1991flow,
  title={Flow: The psychology of optimal experience: Steps toward enhancing the quality of life},
  author={Csikszentmihalyi, M.},
  year={1991},
  publisher={Harper Collins Publishers}
}

@article{susi2007serious,
  title={Serious games--An overview},
  author={Susi, T. and Johannesson, M. and Backlund, P.},
  journal={Sk{\\"o}vde: University of Sk{\\"o}vde (Technical Report HS-IKI-TR-07-001)},
  year={2007}
}

@book{zichermann2011gamification,
  title={Gamification by Design: Implementing Game Mechanics in Web and Mobile Apps},
  author={Zichermann, G. and Cunningham, C.},
  year={2011},
  publisher={O'Reilly Media, Inc.}
}

@inproceedings{Lazzaro2010,
  title={Fun Meters: Data Driven Design for Tilt: Flip's Adventure in 1.5 Dimensions },
  author={Lazzaro, Nicole},
  booktitle={Talk. http://www.slideshare.net/NicoleLazzaro/fun-meters-data-driven-design-for-tilt},
   year={2010}
}

@inproceedings{lazzaro2004we,
  title={Why we play games: Four keys to more emotion without story},
  author={Lazzaro, N.},
  booktitle={Report. http://xeodesign.com/xeodesign_whyweplaygames.pdf},
  year={2004}
}

@inproceedings{Lazzaro2010bc,
  title={Four Keys To Fun BayCHI},
  author={Lazzaro, Nicole},
  booktitle={Talk. http://www.slideshare.net/NicoleLazzaro/four-keys-to-fun-baychi-slides-100n081109},
   year={2010}
}

@article{vockell2004educational,
  title={Educational psychology: A practical approach},
  author={Vockell, E.},
  journal={Purdue University},
  year={2004}
}

@article{kaptein2011adaptive,
  title={ADAPTIVE PERSUASIVE MESSAGES IN AN E-COMMERCE SETTING: THE USE OF PERSUASION PROFILES},
  author={Kaptein, M.},
  year={2011}
}

@article{kaptein2009can,
  title={Can you be persuaded? individual differences in susceptibility to persuasion},
  author={Kaptein, M. and Markopoulos, P. and de Ruyter, B. and Aarts, E.},
  journal={Human-Computer Interaction--INTERACT 2009},
  pages={115--118},
  year={2009},
  publisher={Springer}
}

@book{isbister2008game,
  title={Game Usability: Advancing the Player Experience},
  author={Isbister, K. and Schaffer, N.},
  year={2008},
  publisher={Morgan Kaufmann Pub}
}

@book{anderson2011seductive,
  title={Seductive Interaction Design: Creating Playful, Fun, and Effective User Experiences},
  author={Anderson, S.P.},
  year={2011},
  publisher={New Riders Press}
}

@article{haque2010,
  title={Unlocking the Mayor Badge of Meaninglessness},
  author={HAQUE, UMAIR},
  journal={Haward Business Review Blog},
  url={http://blogs.hbr.org/haque/2010/12/unlocking_the_mayor_badge_of_m.html},
  year={2010}
}

@book{schell2008art,
  title={The Art of Game Design: A book of lenses},
  author={Schell, J.},
  year={2008},
  publisher={Morgan Kaufmann}
}

@inproceedings{ducheneaut2006alone,
  title={Alone together?: exploring the social dynamics of massively multiplayer online games},
  author={Ducheneaut, N. and Yee, N. and Nickell, E. and Moore, R.J.},
  booktitle={Proceedings of the SIGCHI conference on Human Factors in computing systems},
  pages={407--416},
  year={2006},
  organization={ACM}
}

@article{yee2002facets,
  title={Facets: 5 motivation factors for why people play MMORPGs},
  author={Yee, N.},
  journal={www.nickyee.com},
  pages={1--14},
  year={2002}
}

@article{yee2002understanding,
  title={Understanding MMORPG addiction},
  author={Yee, N.},
  journal={Retrieved February},
  volume={15},
  pages={2008},
  year={2002}
}

@article{yee2001vsb,
  title={The Virtual Skinner Box},
  author={Yee, N.},
  journal={http://www.nickyee.com/eqt/skinner.html},
  year={2001}
}
 
 @article{mcgonigal2010ted,
   title={Gaming can make a better world},
   author={McGonigal, Jane},
   url={http://www.ted.com/talks/jane_mcgonigal_gaming_can_make_a_better_world.html},
   year={2010}
}

@article{schell2010design,
  title={Design outside the box},
  author={Schell, J.},
  journal={DICE summit},
  year={2010}
}

@article{robertson2010,
  title={Can’t play, won’t play},
  author={Robertson, Margaret},
  journal={http://www.hideandseek.net/2010/10/06/cant-play-wont-play/},
  year={2010}
}

@article{Kelly2011,
  title={DICE 2011 Hot Topic: Gameplay Vs. Gamification},
  author={Kelly, Kevin},
  journal={http://www.g4tv.com/thefeed/blog/post/710342/dice-2011-hot-topic-gameplay-vs-gamification/},
  year={2011}
}

@article{scimeca2011,
  title={DICE 2011 Hot Topic: Gameplay Vs. Gamification},
  author={Scimeca, Dennis},
  journal={http://www.g4tv.com/thefeed/blog/post/710342/dice-2011-hot-topic-gameplay-vs-gamification/},
  year={2011}
}

@article{magrino2011,
  title={DICE 2011 Hot Topic: Gameplay Vs. Gamification},
  author={Magrino, Tom},
  journal={http://gdc.gamespot.com/story/6301575/the-pros-and-cons-of-gamification-},
  year={2011}
}

@article{anderson2011,
  title={Long After the Thrill: Sustaining Passionate Users},
  author={Anderson, Stephen},
  journal={http://www.slideshare.net/stephenpa/long-after-the-thrill-sustaining-passionate-users},
  year={2011}
}

@article{mcgonigal2011,
  title={We don’t need no stinking badges},
  author={McGonigal, Jane},  journal={http://www.slideshare.net/avantgame/we-dont-need-no-stinkin-badges-how-to-reinvent-reality-without-gamification},
  year={2011}
}

@article{sawyer2010,
  title={Issues of Gamification},
  author={Sawyer, Ben}, journal={http://bensawyer.wordpress.com/category/serious-games-2/serious-game-design/gamification/},
  year={2010}
}

@article{khatib2011crystal,
  title={Crystal structure of a monomeric retroviral protease solved by protein folding game players},
  author={Khatib, F. and DiMaio, F. and Cooper, S. and Kazmierczyk, M. and Gilski, M. and Krzywda, S. and Zabranska, H. and Pichova, I. and Thompson, J. and Popovi{\'c}, Z. and others},
  journal={Nature Structural \& Molecular Biology},
  year={2011},
  publisher={Nature Publishing Group}
}

@article{bosch2011,
  title={Score One for Gamification},
  author={Bosch, Torie},
  journal={http://www.slate.com/blogs/future_tense/2011/09/19/score_one_for_gamification.html},
  year={2011},
}

@book{bogost2007persuasive,
  title={Persuasive games: The expressive power of videogames},
  author={Bogost, I.},
  year={2007},
  publisher={The MIT Press}
}

@book{fogg_2003, 
  title={Persuasive Technology: Using Computers to Change What We Think and Do}, 
  author={Fogg, B J},
  url={http://www.loc.gov/catdir/toc/els031/2002110617.html}, 
  publisher={Morgan Kaufmann},  
  year={2003}, 
  pages={283}
}

@article{baxter_2011,
  title={WHY PERSUASIVE DESIGN SHOULD BE YOUR NEXT SKILL SET},
  author={Baxter, Loren},
  journal={http://uxmag.com/design/why-persuasive-design-should-be-your-next-skill-set},
  year={2011},
}

@article{Benson2011,
  title={Response to Gabe and Sebastianís #gamification discussion},
  author={Benson, Buster},
  journal={http://blog.habitlabs.com/post/10490680475/gamification-by-design},
  year={2011},
}

@book{pink2009drive,
  title={Drive: The surprising truth about what motivates us},
  author={Pink, D.H.},
  publisher={Riverhead Books},
  year={2009}
}

@article{gee2003video,
  title={What video games have to teach us about learning and literacy},
  author={Gee, J.P.},
  journal={Computers in Entertainment (CIE)},
  volume={1},
  number={1},
  pages={20--20},
  year={2003},
  publisher={ACM}
}