
@Misc{TIIAP95,
  author = 	 "U.S. Department of Commerce",
  title = 	 "Request for Proposals, 1995 Round of the
		  Telecommunications and Information Infrastructure
		  Assistance Program {(TIIAP)}",
  year = 	 "1995"

}

@Misc{NII95,
  author = 	 "National Information Infrastructure Task Force",
  title = 	 "Fundamental Principles for the {NII}, Initial Report",
  year = 	 "1995",
  month = 	 "March"
}


@Misc{PUC93,
  author = 	 "Hawaii Public Utilities Commission",
  title = 	 "{PUC} Docket 7702: A Proceeding on
Communications, including an Investigation of the Communications Infrastructure of the State of Hawaii",
  year = 	 "1993",
  month = 	 "March"
}

@Misc{PUC95,
  author = 	 "Hawaii Public Utilities Commission",
  title = 	 "Communications Infrastructure Collaborative Final Report",
  year = 	 "1995",
  month = 	 "January"
}

@Misc{HI95,
  author = 	 "State of Hawaii",
  title = 	 "Act 227, Regarding Telecommunications",
  year = 	 "1995",
  month = 	 "February"
}


