@Unpublished{Leap,
  author = 	 {Philip Johnson and Cam Moore},
  title = 	 {Project LEAP: Personal Process Improvement for the Differently Disciplined},
  note = 	 {URL http://csdl.ics.hawaii.edu/Research/LEAP/LEAP.html},
}

