@Book{Barsky98,
  author = 	 {Robert Barsky},
  title = 	 {Noam Chomsky: A life of dissent},
  publisher = 	 {MIT Press},
  year = 	 {1998}
}



@Misc{AgileManifesto,
  author =	 {Kent Beck},
  title =	 {Manifesto for Agile Software Development},
  howpublished = {\url{http://agilemanifesto.org}},
  year =	 {2001}
}

