
@Article{Kan01,
  author = 	 {S. H. Kan and J. Parrish and D. Manlove},
  title = 	 {In-process metrics for software testing},
  journal = 	 {{IBM} Systems Journal},
  year = 	 {2001},
  volume = 	 {40},
  number = 	 {1},
}

@TechReport{Kulik2003,
  author = 	 {Peter Kulik and Megan Haas},
  title = 	 {Software Metrics Best Practices -- 2003},
  institution =  {AcceleraResearch, Inc.},
  year = 	 {2003},
  month = 	 {March},
}


@Book{DeMarco82,
  author = 	 {Tom DeMarco},
  title = 	 {Controlling Software Projects},
  publisher = 	 {Yourdon Press, New York},
  year = 	 {1982},
}



@Article{Finkelstein82,
  author = 	 {L. Finkelstein},
  title = 	 {What is not measureable, make measurable},
  journal = 	 {Measurement and Control},
  year = 	 {1982}
}

