
@TechReport{Johnson05,
  author = 	 {Philip Johnson},
  title = 	 {Hackystat Framework},
  institution =  {Collaborative Software Development Laboratory, Department of Information and Computer Sciences, University of Hawaii},
  year = 	 {2005},
  month = 	 {January},
}

@TechReport{Bush1989,
  author = 	 {Marilyn Bush},
  title = 	 {The Jet Propulsion Laboratory's Experience with Formal Inspections},
  institution =  {AcceleraResearch, Inc.},
  year = 	 {2003},
  month = 	 {March},
}

@TechReport{Bush1990,
  author = 	 {Marilyn Bush},
  title = 	 {Formal Inspections: Do they really help?},
  institution =  {NSIA Sixth Annual National Joint Conference on Software Quality and Productivity},
  year = 	 {1990},
  month = 	 {April},
}

@Article{Boehm01,
  author = 	 {Barry Boehm and Victor R. Basili},
  title = 	 {Software Defect Reduction Top 10 List},
  journal = 	 {{IEEE} Computer},
  year = 	 {2001}
}

@Book{DeMarco82,
  author = 	 {Tom DeMarco},
  title = 	 {Controlling Software Projects},
  publisher = 	 {Yourdon Press, New York},
  year = 	 {1982},
}

@Book{Ebenau94,
  author = 	 {Robert G. Ebenau and Susan H. Strauss},
  title = 	 {Software inspection process},
  publisher = 	 {McGraw Hill Inc, New York},
  year = 	 {1994},
}

@Article{Finkelstein82,
  author = 	 {L. Finkelstein},
  title = 	 {What is not measureable, make measurable},
  journal = 	 {Measurement and Control},
  year = 	 {1982}
}

@Book{Glass03,
  author =    "R. L. Glass",
  title =     "{F}acts and facilities of software engineering",
  publisher = "Pearson Education, Inc.",
  year =      "2003",
  address =   "Boston, MA"
}

@Article{Gilb99,
  author = 	 {Tom Gilb},
  title = 	 {Software Inspections are not for quality, but for engineering economics},
  year = 	 {1999}
}


@Article{IEEEGlossary83,
  author = "Software Engineering Technical Committee of the IEEE Compter Society",
  title  = "{IEEE} Standard Glossary of Software Engineering Terminology",
  journal = "IEEE-STD-729-1983 (New York; IEEE)", 
  year   = "1983"
}

@TechReport{Kulik2003,
  author = 	 {Peter Kulik and Megan Haas},
  title = 	 {Software Metrics Best Practices -- 2003},
  institution =  {AcceleraResearch, Inc.},
  year = 	 {2003},
  month = 	 {March},
}

@Book{Wiegers02,
  author =    "Karl E. Wiegers",
  title =     "Peer reviews in software: A practical guide",
  publisher = "Addison-Wesley",
  year =      "2002",
  address =   "Boston, MA"
}









