@string{CSCW88 = "Proceedings of the 2nd Conference on Computer-Supported Cooperative Work"} 

@article{Scardamalia89,
   author = {M. Scadamalia and C. Bereiter and R. McLean and J. Swallow and E. Woodruff},
   journal = {Journal of Educational Computing Research},
   number = 1,
   pages = {51-68},
   title = {Computer Supported Intentional Learning Environments},
   volume = 5,
   year = 1989
}

@article{Cliburn90,
   author = {Joseph W. {Cliburn, Jr.}},
   journal = {Journal of College Science Teaching},
   month = feb,
   pages = {212-217},
   title = {Concept maps to promote meaningful learning},
   year = 1990
}

@article{Lipetz91,
   author = {Ben-Ami Lipetz},
   journal = {Information Processing and Management},
   number = 1,
   pages = {129-133},
   title = {Implications of New Technology for the Reviewing Process},
   volume = 27,
   year = 1991
}

@book{Barrett88,
   author = {Edward Barrett},
   publisher = {MIT Press},
   title = {Text, ConTex, and HyperText: Writing with and for the Computer},
   year = 1988
}

@phdthesis{Butler92,
   author = {W. Butler},
   school = {University of Texas at Austin},
   title = {The Construction of Knowledge in an Electronic Discourse Community},
   year = {In Progress}
}

@book{Berger66,
   author = {Peter Berger and Thomas Luckman},
   publisher = Doubleday,
   title = {The Social Construction of Reality: a Treatise in the Sociology of Knowledge},
   year = 1966
}

@book{Zuboff88,
   author = {Shoshana Zuboff},
   publisher = {Basic Books},
   title = {In the Age of Smart Machines: the Future of Work and Power},
   year = 1988
}

@inproceedings{Hiltz88,
   author = {S.P. Hiltz},
   booktitle = CSCW88,
   pages = {282-290},
   title = {Collaborative Learning in a Virtual Classroom: Highlights of Findings},
   year = 1988
}

@techreport{Wiil90,
   author = {U. Wiil and K. Osterbye},
   institution = {Department of Mathematics and Computer Science, University of 
 Aalborg, Denmark.},
   number = {90-38},
   title = {Experiences with HyperBase--a multi-user back-end for Hypertext
 applications with emphasis on collaboration support},
   year = 1990
}

@article{Conklin88,
   author = {J. Conklin and L. Begeman},
   journal = TOOIS,
   month = oct,
   number = 4,
   pages = {303-331},
   title = {g{IBIS}: A Hypertext Tool for Exploratory Policy Discussion},
   volume = 6,
   year = 1988
}

@inproceedings{Halasz87Notecards,
   author = {Frank G. Halasz
 		and Thomas P. Moran
 		and Randall H. Trigg},
   booktitle = {
 Proceedings of ACM CHI+GI'87 Conference on Human Factors in Computing Systems
 and Graphics Interface},
   pages = {45-52},
   title = {Notecards in a Nutshell},
   year = 1987
}

@techreport{csdl-92-01,
   author = {Philip Johnson},
   institution = {Univ. of Hawaii, Dept. of Info. and Computer Sciences},
   month = mar,
   number = {92-01},
   title = {Supporting Exploratory CSCW with the {Egret} Framework},
   type = {CSDL Technical Report},
   year = 1992
}

@inproceedings{Johnson89b,
   author = {P. Johnson},
   booktitle = {AAAI 1989 Spring Symposium on Artificial Intelligence and Software Engineering},
   month = May,
   title = {Structural Evolution in Exploratory Software Development},
   year = 1989
}

@article{Halasz88Reflections,
   author = {Halasz, F.G.},
   booktitle = {Communications of the ACM},
   journal = {Communication of the ACM},
   number = 7,
   pages = {836-852},
   title = {
 Reflections on Notecards: Seven Issues for the Next Generation of Hypermedia Systems},
   volume = 31,
   year = 1988
}

@inproceedings{Lee90,
   author = {Jintae Lee},
   booktitle = {Proceedings of the 1990 Conference on Computer Supported Cooperative Work},
   pages = {79-92},
   title = {{SIBYL}: a tool for managing group decision rational},
   year = 1990
}

@techreport{Love92,
   author = {Chris Love and Alan Carroll and Simon Kaplan and Dan LaLiberte},
   institution = {University of Illinois },
   title = {Epoch 4.0 Manual},
   year = 1992
}

@inproceedings{Trigg88Guided,
   author = {Trigg, R. H.},
   address = {Portland, Oregon},
   booktitle = {
 Proceedings of the Conference on Computer-Supported Cooperative Work (CSCW '88)},
   pages = {216-226},
   publisher = {ACM Press},
   title = {
 Guided Tours and Tabletops: Tools for Communicating in a Hypertext Environment},
   year = 1988
}

@incollection{Landow90Hypertext,
   author = {Landow, G.P.},
   address = {Hillsdale, New Jersey},
   booktitle = {
 Intellectual Teamwork: Social Foundations of Cooperative Work},
   editor = {J. Galegher, R.E.  Kraut and C. Egido},
   pages = {407-428},
   publisher = {Lawrence Erlbaum Associates},
   title = {Hypertext and Collaborative Work: the Example of Intermedia},
   year = 1990
}

@inproceedings{Conklin88Gibis,
   author = {Conklin, J.},
   address = {Portland, Oregon},
   booktitle = {
 Proceedings of the Conference on Computer-Supported Cooperative Work (CSCW '88)},
   pages = {140-152},
   publisher = {ACM Press},
   title = {{gIBIS}: a Hypertext Tool for Exploratory Policy Discussion},
   year = 1988
}

@inproceedings{Shepherd90Strudel,
   author = {Allan Shepherd
 		and Niels Mayer
 		and Allan Kuchinsky},
   booktitle = CSCW90,
   pages = {93-104},
   title = {Strudel - an Extensible Electronic Conversation Toolkit},
   year = 1990
}

@inproceedings{Hiltz88Collaborative,
   author = {Starr Roxanne Hiltz},
   booktitle = CSCW88,
   pages = {282-290},
   title = {
 Collaborative Learning in a Virtual Classroom: Highlights of Findings},
   year = 1988
}

@article{Brooks87,
   author = {F.P. Brooks, Jr.},
   journal = IEEEC,
   month = apr,
   pages = {10-19},
   title = {No Silver Bullet: essence and accidents of software engineering},
   year = 1987
}
