
@book{Strauss94,
   author = {Robert G. Ebenau and Susan H. Strauss},
   address = {1221 Avenue of the Americas, New York, NY. 10020},
   publisher = {McGraw-Hill, Inc.},
   title = {Software Inspection Process},
   year = 1994
}
