@Comment                          -*- Mode: Bibtex -*- 
@Comment  locc.bib -- 
@Comment  Author          : Joseph Dane
@Comment  Created On      : Wed Oct  6 20:10:47 1999
@Comment  Last Modified By: Joe Dane
@Comment  Last Modified On: Tue Nov  9 10:28:32 1999
@Comment  RCS: $Id$
@Comment 
@Comment  Copyright (c) 1999 Joseph Dane
@Comment 
@Comment  


@Article{Tausworthe92,
  author = 	 {Robert C. Tausworthe},
  title = 	 {Information Models of Software Productivity: Limits on Productivity Growth},
  journal = 	 "Journal of Systems Software",
  year = 	 {1992},
  OPTkey = 	 {},
  OPTvolume = 	 {},
  OPTnumber = 	 {},
  pages = 	 {185--201},
  OPTmonth = 	 {},
  OPTnote = 	 {},
  OPTannote = 	 {}
}

@Article{Albrecht83,
  author = 	 {Allan J. Albrecht and John E. Gaffney, Jr.},
  title = 	 {Software Function, Source Lines of Code, and Development Effort Prediction: A Software Science Validation},
  journal = 	 "IEEE Transactions on Software Engineering",
  year = 	 {1983},
  OPTkey = 	 {},
  volume = 	 {9},
  number = 	 {6},
  pages = 	 {693--647},
  month = 	 "November",
  OPTnote = 	 {},
  OPTannote = 	 {}
}


@Article{Laranjeira90,
  author = 	 {Luiz A. Laranjeira},
  title = 	 {Software Size Estimation of Object-Oriented Systems},
  journal = 	 "IEEE Transactions on Software Engineering",
  year = 	 {1990},
  OPTkey = 	 {},
  volume = 	 {16},
  number = 	 {5},
  pages = 	 {510--522},
  month = 	 "May",
  OPTnote = 	 {},
  OPTannote = 	 {}
}

@Article{Furey97,
  author = 	 {Sean Furey},
  title = 	 {Why We Should Use Function Points},
  journal = 	 "IEEE Software",
  year = 	 {1997},
  month = 	 "March",
  OPTkey = 	 {},
  volume = 	 {14},
  number = 	 {2},
  pages = 	 {28--30},
  OPTnote = 	 {},
  OPTannote = 	 {}
}


@Article{Kitchenham97,
  author = 	 {Barbara Kitchenham},
  title = 	 {The Problem with Function Points},
  journal = 	 "IEEE Software",
  year = 	 {1997},
  OPTkey = 	 {},
  volume = 	 {14},
  number = 	 {2},
  pages = 	 {29--31},
  month = 	 "March",
  OPTnote = 	 {},
  OPTannote = 	 {}
}


@Article{Pfleeger97,
  author = 	 {Shari Lawrence Pfleeger and Ross Jeffery and Bill Curtis and Barbara Kitchenham},
  title = 	 {Status Report on Software Measurement},
  journal = 	 "IEEE Software",
  year = 	 {1997},
  OPTkey = 	 {},
  volume = 	 {14},
  number = 	 {2},
  pages = 	 {33--43},
  month = 	 "March",
  OPTnote = 	 {},
  OPTannote = 	 {}
}


@Article{Hall97,
  author = 	 {Tracy Hall and Norman Fenton},
  title = 	 {Implementing Effective Software Metrics Programs},
  journal = 	 "IEEE Software",
  year = 	 {1997},
  OPTkey = 	 {},
  volume = 	 {14},
  number = 	 {2},
  pages = 	 {55--64},
  month = 	 "March",
  OPTnote = 	 {},
  OPTannote = 	 {}
}


@Article{Pfleeger96,
  author = 	 {Shari Lawrence Pfleeger},
  title = 	 {Measuring Reuse: A Cautionary Tale},
  journal = 	 {IEEE Software},
  year = 	 {1996},
  OPTkey = 	 {},
  volume = 	 {13},
  number = 	 {4},
  pages = 	 {118--127},
  month = 	 "July",
  OPTnote = 	 {},
  OPTannote = 	 {}
}

@Book{Grady,
  author = 	 {Robert B. Grady and Deborah L. Caswell},
  editor = 	 {},
  title = 	 {Software Metrics: Establishing a Company-Wide Program},
  publisher = 	 {Prentice-Hall},
  year = 	 {1987},
  OPTkey = 	 {},
  OPTvolume = 	 {},
  OPTnumber = 	 {},
  OPTseries = 	 {},
  OPTaddress = 	 {},
  OPTedition = 	 {},
  OPTmonth = 	 {},
  OPTnote = 	 {},
  OPTannote = 	 {}
}


@Book{Fenton,
  author = 	 {Norman Fenton and Shari Lawrence Pfleeger},
  editor = 	 {},
  title = 	 {Software Metrics: A Rigorous \& Practical Approach},
  publisher = 	 {PWS Publishing Company},
  year = 	 {1997},
  OPTkey = 	 {},
  OPTvolume = 	 {},
  OPTnumber = 	 {},
  OPTseries = 	 {},
  OPTaddress = 	 {},
  edition = 	 {Second},
  OPTmonth = 	 {},
  OPTnote = 	 {},
  OPTannote = 	 {}
}


@Book{Moller,
  author = 	 {K. H. Moller and D. J. Paulish},
  editor = 	 {},
  title = 	 {Software Metrics: A Practitioners Guide to Improved Product Development},
  publisher = 	 {Chapman and Hall},
  year = 	 {1993},
  OPTkey = 	 {},
  OPTvolume = 	 {},
  OPTnumber = 	 {},
  OPTseries = 	 {},
  OPTaddress = 	 {},
  OPTedition = 	 {Second},
  month = 	 {},
  OPTnote = 	 {},
  OPTannote = 	 {}
}

@Book{Putnam,
  author = 	 {Lawrence H. Putnam and Ware Myers},
  editor = 	 {},
  title = 	 {Measures for Excellence},
  publisher = 	 {Prentice Hall},
  year = 	 {1992},
  OPTkey = 	 {},
  OPTvolume = 	 {},
  OPTnumber = 	 {},
  OPTseries = 	 {},
  OPTaddress = 	 {},
  OPTedition = 	 {},
  OPTmonth = 	 {},
  OPTnote = 	 {},
  OPTannote = 	 {}
}

@Book{Lorenz,
  author = 	 {Mark Lorenz},
  editor = 	 {},
  title = 	 {Object-Oriented Software Development},
  publisher = 	 {Prentice Hall},
  year = 	 {1993},
  OPTkey = 	 {},
  OPTvolume = 	 {},
  OPTnumber = 	 {},
  OPTseries = 	 {},
  OPTaddress = 	 {},
  OPTedition = 	 {},
  OPTmonth = 	 {},
  OPTnote = 	 {},
  OPTannote = 	 {}
}


@Book{Boehm,
  author = 	 {Barry W. Boehm},
  editor = 	 {},
  title = 	 {Software Engineering Economics},
  publisher = 	 {Prentice Hall},
  year = 	 {1981},
  OPTkey = 	 {},
  OPTvolume = 	 {},
  OPTnumber = 	 {},
  OPTseries = 	 {},
  OPTaddress = 	 {},
  OPTedition = 	 {},
  OPTmonth = 	 {},
  OPTnote = 	 {},
  OPTannote = 	 {}
}

@Book{Humphrey,
  author = 	 {Watts S. Humphrey},
  editor = 	 {},
  title = 	 {A Discipline for Software Engineering},
  publisher = 	 {Addison Wesley},
  year = 	 {1995},
  OPTkey = 	 {},
  OPTvolume = 	 {},
  OPTnumber = 	 {},
  series = 	 {SEI Series in Software Engineering},
  OPTaddress = 	 {},
  OPTedition = 	 {},
  OPTmonth = 	 {},
  OPTnote = 	 {},
  OPTannote = 	 {}
}

@Manual{wc,
  title = 	 {wc},
  OPTkey = 	 {},
  author = 	 {UNIX Manual Pages},
  OPTorganization = {},
  OPTaddress = 	 {},
  OPTedition = 	 {},
  OPTmonth = 	 {},
  OPTyear = 	 {},
  note = 	 {},
  OPTannote = 	 {}
}

@Manual{diff,
  title = 	 {diff},
  OPTkey = 	 {},
  author = 	 {UNIX Manual Pages},
  OPTorganization = {},
  OPTaddress = 	 {},
  OPTedition = 	 {},
  OPTmonth = 	 {},
  OPTyear = 	 {},
  note = 	 {},
  OPTannote = 	 {}
}

@Article{Woodfield,
  author = 	 {S.N. Woodfield and V.Y. Shen and H.E. Dunsmore},
  title = 	 {A study of several metrics for programming effort},
  journal = 	 {Journal of Systems and Software},
  year = 	 {1981},
  OPTkey = 	 {},
  volume = 	 {2},
  number = 	 {2},
  pages = 	 {97--103},
  month = 	 "June",
  OPTnote = 	 {},
  OPTannote = 	 {}
}


@Article{Lassez,
  author = 	 {J.L. Lassez and D. van der Knijff and J. Shepherd},
  title = 	 {A critical examiniation of software science},
  journal = 	 {Journal of Systems and Software},
  year = 	 {1981},
  OPTkey = 	 {},
  volume = 	 {2},
  number = 	 {2},
  pages = 	 {105-112},
  month = 	 "June",
  OPTnote = 	 {},
  OPTannote = 	 {}
}

@InProceedings{Levitin,
  author = 	 {Anany V. Levitin},
  title = 	 {How to measure software size, and how not to},
  booktitle = 	 {Proceedings, COMPSAC},
  OPTcrossref =  {},
  OPTkey = 	 {},
  pages = 	 {314--318},
  year = 	 {1986},
  OPTeditor = 	 {},
  OPTvolume = 	 {},
  OPTnumber = 	 {},
  OPTseries = 	 {},
  OPTaddress = 	 {},
  OPTmonth = 	 "October",
  OPTorganization = {IEEE},
  OPTpublisher = {IEEE Computer Society Press},
  OPTnote = 	 {},
  OPTannote = 	 {}
}



@Article{Walston,
  author = 	 {C.E. Walston and C.P. Felix},
  title = 	 {A method of programming measurement and estimation},
  journal = 	 {IBM Systems Journal},
  year = 	 {1977},
  OPTkey = 	 {},
  volume = 	 {16},
  number = 	 {1},
  pages = 	 {54--73},
  OPTmonth = 	 {},
  OPTnote = 	 {},
  OPTannote = 	 {}
}

@Article{Banker,
  author = 	 {Rajiv D. Banker and Robert J. Kaufman and Charles Wright and Dani Zweig},
  title = 	 {Automating output size and reuse metrics in a repository-based computer-aided software engineering ({CASE}) environment},
  journal = 	 "IEEE Transactions on Software Engineering",
  year = 	 {1994},
  OPTkey = 	 {},
  volume = 	 {20},
  number = 	 {3},
  pages = 	 {169--186},
  month = 	 "March",
  OPTnote = 	 {},
  OPTannote = 	 {}
}

@TechReport{Disney,
  author = 	 {Anne M. Disney and Philip M. Johnson},
  title = 	 {Investigating data quality problems in the {PSP}},
  institution =  {Collaborative Software Development Laboratory, University of Hawaii},
  year = 	 {1998},
  OPTkey = 	 {},
  OPTtype = 	 {},
  number = 	 {CSDL-98-04},
  OPTaddress = 	 {},
  month = 	 "November",
  OPTnote = 	 {},
  OPTannote = 	 {}
}


@InProceedings{Moore,
  author = 	 {Carleton Moore},
  title = 	 {Project {Leap}: Addressing Measurement Dysfunction in Review},
  booktitle = 	 {Proceedings of the Eighth International Conference on Human-Computer Interaction},
  OPTcrossref =  {},
  OPTkey = 	 {},
  OPTpages = 	 {},
  year = 	 {1999},
  OPTeditor = 	 {},
  OPTvolume = 	 {},
  OPTnumber = 	 {},
  OPTseries = 	 {},
  OPTaddress = 	 {},
  OPTmonth = 	 "August",
  OPTorganization = {},
  OPTpublisher = {},
  OPTnote = 	 {},
  OPTannote = 	 {}
}


@TechReport{Johnson,
  author = 	 {Philip M. Johnson},
  title = 	 {Project {Leap}: Lightweight, Empirical, Anti-measurement dysfunction, and Portable Software Developer Improvement},
  institution =  {University of Hawaii, Department of Information and Computer Science},
  year = 	 {1997},
  key = 	 {ICS-TR-97-08},
  OPTtype = 	 {},
  OPTnumber = 	 {},
  OPTaddress = 	 {},
  month = 	 "October",
  OPTnote = 	 {},
  OPTannote = 	 {}
}

@Misc{javacc-website,
  key = "JavaCC",
  title = "JavaCC Web Site",
  howpublished = "\url{<http://www.metamata.com/javacc>}"
}

@Misc{tamasoft,
  key = "Tama Software",
  title = "Tama Software",
  howpublished = "\url{<http://www.tamasoft.co.jp>}"
}

@Book{programming-perl,
  author = 	 "Larry Wall and Tom Christiansen and Randal L. Schwartz",
  title = 	 "Programming Perl",
  publisher = 	 "O'Reilly \& Associates, Inc.",
  year = 	 1996,
  month =        Sep,
  edition =	 "Second",
  URL =          "http://www.perl.com/"
}

@Misc{javacount,
  key = "JavaCount",
  title = "JavaCount web site",
  howpublished = "\url{<http://csdl.ics.hawaii.edu/Tools/JavaCount/JavaCount.html>}"
}

@Misc{locc-user,
  key = "LOCC User's Guide",
  title = "LOCC User's Guide",
  howpublished = "\url{<http://csdl.ics.hawaii.edu/Tools/LOCC/LOCC.html>}"
}

@Book{Gamma,
  author = 	 {Erich Gamma and Richard Helm and Ralph Johnson and John Vlissides},
  ALTeditor = 	 {},
  title = 	 {Design Patterns: elements of reusable object-oriented software},
  publisher = 	 {Addison-Wesley},
  year = 	 {1995},
  OPTkey = 	 {},
  OPTvolume = 	 {},
  OPTnumber = 	 {},
  OPTseries = 	 {},
  OPTaddress = 	 {},
  OPTedition = 	 {},
  OPTmonth = 	 {},
  OPTnote = 	 {},
  OPTannote = 	 {}
}



@InProceedings{Royce,
  author = 	 {Walker Royce},
  title = 	 {Pragmatic software metrics for iterative development},
  booktitle = 	 {International Conference on Software Engineering},
  OPTcrossref =  {},
  OPTkey = 	 {},
  pages = 	 {585},
  year = 	 {1997},
  OPTeditor = 	 {},
  OPTvolume = 	 {},
  OPTnumber = 	 {},
  OPTseries = 	 {},
  OPTaddress = 	 {},
  OPTmonth = 	 {},
  organization = {ACM SIGSOFT and IEEE TCSE},
  OPTpublisher = {},
  OPTnote = 	 {},
  OPTannote = 	 {}
}

