
@TechReport{Bush1989,
  author = 	 {Marilyn Bush},
  title = 	 {The Jet Propulsion Laboratory's Experience with Formal Inspections},
  institution =  {AcceleraResearch, Inc.},
  year = 	 {2003},
  month = 	 {March},
}

@Article{Boehm01,
  author = 	 {Barry Boehm and Victor R. Basili},
  title = 	 {Software Defect Reduction Top 10 List},
  journal = 	 {{IEEE} Computer},
  year = 	 {2001}
}

@Book{DeMarco82,
  author = 	 {Tom DeMarco},
  title = 	 {Controlling Software Projects},
  publisher = 	 {Yourdon Press, New York},
  year = 	 {1982},
}

@Article{Finkelstein82,
  author = 	 {L. Finkelstein},
  title = 	 {What is not measureable, make measurable},
  journal = 	 {Measurement and Control},
  year = 	 {1982}
}

@Book{Glass03,
  author =    "R. L. Glass",
  title =     "{F}acts and facilities of software engineering",
  publisher = "Pearson Education, Inc.",
  year =      "2003",
  address =   "Boston, MA"
}

@Article{IEEEGlossary83,
  author = "Software Engineering Technical Committee of the IEEE Compter Society",
  title  = "{IEEE} Standard Glossary of Software Engineering Terminology",
  journal = "IEEE-STD-729-1983 (New York; IEEE)", 
  year   = "1983"
}

@TechReport{Kulik2003,
  author = 	 {Peter Kulik and Megan Haas},
  title = 	 {Software Metrics Best Practices -- 2003},
  institution =  {AcceleraResearch, Inc.},
  year = 	 {2003},
  month = 	 {March},
}









