
@article{Giddings84,
   author = {R. V. Giddings},
   journal = {Communications of the ACM},
   number = 5,
   pages = {428-434},
   title = {Accomodating Uncertainty in Software Design},
   volume = 27,
   year = 1984
}

@techreport{Love92,
   author = {Chris Love and Alan Carroll and Simon Kaplan and Dan LaLiberte},
   institution = {University of Illinois },
   title = {Epoch 4.0 Manual},
   year = 1992
}

@inproceedings{Lerner90,
   author = {Barbara Staudt Lerner and A. Nico Habermann},
   booktitle = {Proceedings of the 1990 Conference on Object-Oriented Programming: Systems, Languages, and Applications},
   title = {Beyond Schema Evolution to Database Reorganization},
   year = 1990
}

@inproceedings{Banerjee87,
   author = {Jay Banerjee and Won Kim and Hyoung-Joo Kim and Henry Korth},
   booktitle = {Proceedings of the {ACM SIGMOD} 1987 Annual Conference},
   title = {Semantics and Implementation of Schema Evolution in Object-Oriented Databases},
   year = 1987
}

@inproceedings{Skarra86,
   author = {Andrea Skarra and Stanley Zdonik},
   booktitle = {Proceedings of the 1986 Conference on Object Oriented Programming: Systems, Languages, and Applications},
   title = {The Management of Changing Types in an Object-Oriented Database},
   year = 1986
}

@manual{Anderegg90,
   author = {M. Anderegg and B. Elledge and J. Harford and D. Shackleford and O. Toki},
   organization = {Department of Computer Science, University of North Carolina},
   title = {User's Manual for Attributed Graph Server},
   year = 1990
}

@article{Tompa89,
   author = {F. Tompa},
   journal = {{ACM} Transactions on Information Systems},
   title = {A Data Model for Flexible Hypertext Database Systems},
   year = 1989
}

@article{Akscyn88,
   author = {R. M. Akscyn and D. L. McCracken and E. A. Yoder},
   journal = {Communications of the {ACM}},
   month = jul,
   number = 7,
   title = {{KMS}:  A Distributed Hypermedia System},
   volume = 31,
   year = 1988
}

@misc{HyperCard,
   author = {D. Atkinson},
   howpublished = {Apple Computer Corp.},
   title = {HyperCard },
   year = 1990
}

@inproceedings{Balzer91,
   author = {R. Balzer},
   booktitle = {Proceedings of the 13th International Conference on Software Engineering},
   title = {Tolerating Inconsistency},
   year = 1991
}

@techreport{Boone91,
   author = {Joan Boone},
   institution = {The University of North Carolina, Department of Computer Science},
   number = {TR-91-022},
   title = {A Survey of Data Models for Hypermedia},
   year = 1991
}

@article{Stotts89,
   author = {P. Stotts and R. Furata},
   journal = {{ACM} Transactions on Information Systems},
   title = {Petri-Net-Based Hypertext: Document Structure with Browsing Semantics},
   year = 1989
}

@article{Delisle87,
   author = {N. Delisle and M. Schwartz},
   journal = {{ACM} Transactions on Office Information Systems},
   title = {Contexts---A Partioning Concept for Hypertext},
   year = 1987
}

@incollection{Weick91,
   author = {Karl Weick and David Meader},
   booktitle = {Group Support Systems},
   editor = {L. Jessup and J. Valacich},
   publisher = {MacMillan Publishers},
   title = {Sensemaking and Group Support Systems},
   year = 1991
}
