/home/3/johnson/Csdl/bib/code-inspection.bib