@inproceedings{brewer2011kukui,
  title={The Kukui Cup: a dorm energy competition focused on sustainable behavior change and energy literacy},
  author={Brewer, R.S. and Lee, G.E. and Johnson, P.M.},
  booktitle={System Sciences (HICSS), 2011 44th Hawaii International Conference on},
  pages={1--10},
  year={2011},
  organization={IEEE}
}