@inproceedings{Williams:00,
   author = {Laurie Williams and Bob Kessler},
   title = {The Effects of "Pair-Pressure" and "Pair-Learning" on Software Engineering Education},
   booktitle = {CSEET '00: Proceedings of the Thirteenth Conference on Software Engineering Education \& Training},
   year = {2000},
   isbn = {0-7695-0421-3},
   pages = {59},
   publisher = {IEEE Computer Society},
   address = {Washington, DC, USA},
 }

