
@Book{Humphrey95,
  author = 	 "Watts S. Humphrey",
  title = 	 "A Discipline for Software Engineering",
  publisher = 	 "Addison-Wesley",
  year = 	 "1995",
  address =      "New York"
}		  

@InProceedings{Ceberio-Verghese96,
  author = 	 "Anna Ch. Ceberio-Verghese",
  title = 	 "Personal Software Process:  A User's Perspective",
  editor = 	 "Nancy R. Mead",
  booktitle =    "Ninth Conference on Software Engineering Education",
  year = 	 "1996",
  publisher =    "IEEE Computer Society Press",
  address = 	 "10662 Los Vaqueros Circle, P. O. Box 3014, Los Alamitos,
		  CA  90720-1264",
  month = 	 "April 21-24",
  summary = 	 "Discusses what the PSP entails from the point of view of
		  a student that went through the requirements of the PSP
		  course and what can be learned by going through the PSP course."
}
		  

@InProceedings{Tomayko96,
  author = 	 "James E. Tomayko",
  title = 	 "Carnegie Mellon's Software Development Studio: a Five Year Retrospective",
  editor = 	 "Nancy R. Mead",
  booktitle =    "Ninth Conference on Software Engineering Education",
  year = 	 "1996",
  publisher =    "IEEE Computer Society Press",
  address = 	 "10662 Los Vaqueros Circle, P. O. Box 3014, Los Alamitos,
		  CA  90720-1264",
  month = 	 "April 21-24",
  summary = 	 "Briefly mentions the PSP as a part of the Software
		  Development Studio, the centerpiece of Carnegie Mellon's
		  Master of Software Engineering Curriculum."
}
		  

@Book{CMU95,
  author = 	 "Carnegie Mellon University Software Engineering Institute",
  title = 	 "The Capability Maturity Model:  Guidelines for Improving
		  the Software Process",
  publisher = 	 "Addison-Wesley",
  year = 	 "1995",
  address = 	 "New York"
}
		  
		  		  		  
@Misc{Worsley96,
  author = 	 "Andrew Worsley",
  title = 	 "What are the benefits of the PSP Software Process?",
  note = 	 "www.cm.deakim.edu.au/~peter/PSP\_data/talk.html"
}
 

