%% This BibTeX bibliography file was created using BibDesk.
%% http://bibdesk.sourceforge.net/


%% Created for George Lee at 2012-05-29 21:35:24 -1000 


%% Saved with string encoding Unicode (UTF-8) 



@misc{balsamiq-mockup,
	Date-Added = {2012-05-30 07:31:29 +0000},
	Date-Modified = {2012-05-30 07:31:50 +0000},
	Howpublished = {\url{http://www.balsamiq.com/}},
	Title = {Balsamiq Mockups}}

@misc{murphy-science-learning,
	Author = {Curtiss Murphy},
	Date-Added = {2012-02-20 08:07:35 +0000},
	Date-Modified = {2012-02-20 08:09:17 +0000},
	Howpublished = {\url{http://www.goodgamesbydesign.com/Files/WhyGamesWork_TheScienceOfLearning_CMurphy_2011.pdf}},
	Title = {Why Games Work and the Science of Learning}}

@misc{google-chrome-frame,
	Date-Added = {2012-02-05 08:15:44 +0000},
	Date-Modified = {2012-02-05 08:16:10 +0000},
	Howpublished = {\url{http://code.google.com/chrome/chromeframe/}},
	Title = {{Google Chrome Frame}}}

@conference{hodge-competitions,
	Author = {Chelsea Hodge},
	Booktitle = {Behavioral, Energy , and Climate Change Conference},
	Date-Added = {2012-01-27 09:20:05 +0000},
	Date-Modified = {2012-01-27 09:22:00 +0000},
	Title = {Dorm Energy Competitions: Passing Fad or Powerful Behavioral Modification Tool?},
	Year = {2010}}

@book{reeves-total,
	Author = {Byron Reeves},
	Date-Added = {2012-01-25 08:06:47 +0000},
	Date-Modified = {2012-01-25 08:07:47 +0000},
	Publisher = {Harvard Business School Press},
	Title = {Total Engagement: Using Games and Virtual Worlds to Change the way People Work and Business Compete},
	Year = {2009}}

@misc{lucid-ccn,
	Author = {Lucid Design Group, LLC},
	Date-Added = {2012-01-25 07:34:21 +0000},
	Date-Modified = {2012-01-25 07:52:32 +0000},
	Howpublished = {\url{http://www.competetoreduce.org/about/}},
	Title = {Campus Conservation Nationals},
	Year = {2011}}

@misc{python-gdata,
	Date-Added = {2011-08-11 04:36:30 +0000},
	Date-Modified = {2011-08-11 04:36:44 +0000},
	Howpublished = {\url{http://code.google.com/p/gdata-python-client/}},
	Title = {Python GData Client}}

@misc{wattdepot-cloud-cache,
	Date-Added = {2011-08-11 04:17:19 +0000},
	Date-Modified = {2011-08-11 04:18:35 +0000},
	Howpublished = {\url{http://code.google.com/p/wattdepot-gdata}},
	Title = {{WattDepot Cloud Cache}}}

@article{cheng-hutchworld,
	Author = {Lili Cheng and Linda Stone and Shelly Farnham and Ann Marie Clark and Melora Zaner},
	Date-Added = {2011-08-07 04:22:00 +0000},
	Date-Modified = {2012-05-30 07:35:24 +0000},
	Journal = {Virtual Worlds},
	Pages = {12-23},
	Title = {Hutchworld: Lessons Learned},
	Volume = {1834/2000},
	Year = {2000}}

@book{preece-interaction-design,
	Author = {Jenny Preece, Yvonne Rogers and Helen Sharp},
	Date-Added = {2011-08-07 04:14:41 +0000},
	Date-Modified = {2012-05-30 07:33:06 +0000},
	Publisher = {Wiley},
	Title = {Interaction Design: Beyond Human - Computer Interaction},
	Year = {2002}}

@book{mcgonigal-reality-broken,
	Author = {Jane McGonigal},
	Date-Added = {2011-08-07 04:01:42 +0000},
	Date-Modified = {2011-08-07 04:02:38 +0000},
	Month = {January},
	Publisher = {The Penguin Press},
	Title = {Reality is Broken},
	Year = {2011}}

@book{tullis-measuring-ux,
	Author = {Thomas Tullis and Bill Albert},
	Date-Added = {2011-08-07 03:59:12 +0000},
	Date-Modified = {2012-01-17 03:18:20 +0000},
	Publisher = {Elsevier: Morgan Kaufmann},
	Title = {Measuring the User Experience: Collecting, Analyzing, and Presenting Usability Metrics},
	Year = {2008}}

@article{nielsen-guerrilla-hci,
	Author = {Jakob Nielsen},
	Date-Added = {2011-08-06 01:59:11 +0000},
	Date-Modified = {2011-08-06 02:00:56 +0000},
	Journal = {Cost-justifying Usability},
	Pages = {245-272},
	Title = {Guerrilla HCI: Using Discount Usability Engineering to Penetrate the Intimidation Barrier},
	Year = {1994}}

@article{zyda-from-visual-sim,
	Author = {Michael Zyda},
	Date-Added = {2011-07-09 18:55:28 -1000},
	Date-Modified = {2011-07-09 18:56:47 -1000},
	Journal = {IEEE Computer},
	Month = {September},
	Number = {9},
	Pages = {25-32},
	Title = {From Visual Simulation to Virtual Reality to Games},
	Volume = {38},
	Year = {2005}}

@article{rosenbaum-focus-groups,
	Author = {Stephanie Rosenbaum, Gilbert Cockton, Kara Coyne, Michael Muller, Thyra Rauch},
	Date-Added = {2011-07-04 18:05:00 -1000},
	Date-Modified = {2011-07-04 18:10:25 -1000},
	Journal = {CHI '02 extended abstracts on human factors in computing systems},
	Title = {Focus Groups in HCI: Wealth of Information or Waste of Resources?},
	Year = {2002}}

@book{krug-dmmt,
	Author = {Steve Krug},
	Date-Added = {2011-07-03 18:27:56 -1000},
	Date-Modified = {2011-07-03 18:29:54 -1000},
	Edition = {2},
	Publisher = {New Riders Press},
	Read = {1},
	Title = {Don't Make Me Think: A Common Sense Approach to Web Usability},
	Year = {2009}}

@misc{focusgroup-nielsen,
	Date-Added = {2010-11-15 21:06:56 -1000},
	Date-Modified = {2010-11-15 21:07:18 -1000},
	Howpublished = {\url{http://www.useit.com/papers/focusgroups.html}},
	Title = {The Use and Misuse of Focus Groups}}

@misc{usability-users,
	Date-Added = {2010-11-13 18:19:36 -1000},
	Date-Modified = {2010-11-13 18:20:04 -1000},
	Howpublished = {\url{http://www.useit.com/alertbox/20000319.html}},
	Title = {Why You Only Need to Test with 5 Users}}

@misc{peakoil,
	Date-Added = {2010-11-13 17:47:37 -1000},
	Date-Modified = {2010-11-29 10:45:01 -1000},
	Howpublished = {\url{http://www.peakoil.net}},
	Title = {Association for the Study of Peak Oil {\&} Gas}}

@misc{heco,
	Date-Added = {2010-05-14 17:10:20 -1000},
	Date-Modified = {2010-05-14 17:10:39 -1000},
	Howpublished = {\url{http://heco.com}},
	Title = {{Hawaiian Electric Company Website}}}

@misc{blueplanet,
	Date-Added = {2010-05-14 17:09:04 -1000},
	Date-Modified = {2010-05-14 17:09:20 -1000},
	Howpublished = {\url{http://blueplanetfoundation.org/energy-efficiency}},
	Title = {{Blue Planet Foundation Website}}}

@misc{energyhog,
	Date-Added = {2010-05-14 17:07:43 -1000},
	Date-Modified = {2010-05-14 17:08:45 -1000},
	Howpublished = {\url{http://energyhog.org/}},
	Title = {{Energy Hog Website}}}

@misc{wwu-goforthegreen,
	Date-Added = {2010-05-11 13:27:38 -1000},
	Date-Modified = {2010-05-11 13:28:04 -1000},
	Howpublished = {\url{http://www.wwu.edu/sustain/goforthegreen/}},
	Title = {{Western Washington University - Go for the Green}}}

@misc{williams,
	Date-Added = {2010-05-11 13:26:16 -1000},
	Date-Modified = {2010-05-11 13:26:33 -1000},
	Howpublished = {\url{http://wso.williams.edu/orgs/greensense/page.php?name=dark}},
	Title = {{Williams College - Do it in the Dark}}}

@misc{yale-greencup,
	Date-Added = {2010-05-11 13:24:29 -1000},
	Date-Modified = {2010-05-11 13:24:48 -1000},
	Howpublished = {\url{http://www.yale.edu/recycling/greencup/}},
	Title = {{Yale Recycling - The Green Cup}}}

@misc{wesleyan,
	Date-Added = {2010-05-11 13:22:35 -1000},
	Date-Modified = {2010-05-11 13:23:13 -1000},
	Howpublished = {\url{http://www.wesleyan.edu/wsa/eon/diitd/}},
	Title = {{Wesleyan University - Do it in the Dark}}}

@misc{wellesley,
	Date-Added = {2010-05-11 13:20:09 -1000},
	Date-Modified = {2010-05-11 13:20:46 -1000},
	Howpublished = {\url{http://www.wellesley.edu/AdminandPlanning/Sustainability/competition.html}},
	Title = {{Wellesley College Sustainability Green Cup 2007}}}

@misc{virginia,
	Date-Added = {2010-05-11 13:18:15 -1000},
	Date-Modified = {2010-05-11 13:18:50 -1000},
	Howpublished = {\url{http://utilities.fm.virginia.edu/sustainability/programs.aspx}},
	Title = {{University of Virginia Facilities Management}}}

@misc{greenuri,
	Date-Added = {2010-05-11 13:16:14 -1000},
	Date-Modified = {2010-05-11 13:16:52 -1000},
	Howpublished = {\url{http://www.uri.edu/greenuri/context_detail.html}},
	Title = {{Rhody Goes Green - Dorm Competition}}}

@misc{rice-sustainability,
	Date-Added = {2010-05-11 13:13:56 -1000},
	Date-Modified = {2010-05-11 13:14:22 -1000},
	Howpublished = {\url{http://cohesion.rice.edu/facilities/sustainability/index.cfm?doc_id=11616}},
	Title = {Sustainability at Rice}}

@misc{ohio-reschallenge,
	Date-Added = {2010-05-11 13:12:47 -1000},
	Date-Modified = {2010-05-11 13:13:13 -1000},
	Howpublished = {\url{http://www.ohio.edu/sustainability/ResChallenge2009.htm}},
	Title = {{Ohio University ResChallenge 2009}}}

@misc{northwestern,
	Date-Added = {2010-05-11 13:12:03 -1000},
	Date-Modified = {2010-05-11 13:12:31 -1000},
	Howpublished = {\url{http://groups.northwestern.edu/seed/greencup/events.html}},
	Title = {{Northwestern Green Cup}}}

@misc{northeastern,
	Date-Added = {2010-05-11 13:10:46 -1000},
	Date-Modified = {2010-05-11 13:11:04 -1000},
	Howpublished = {\url{http://www.heat.neu.edu/events/full/57}},
	Title = {{Northeastern HEAT Events}}}

@misc{bowdoin,
	Date-Added = {2010-05-11 13:09:42 -1000},
	Date-Modified = {2010-05-11 13:10:04 -1000},
	Howpublished = {\url{http://www.bowdoin.edu/sustainability/campus-involvement/energy-conservation/competition/index.shtml}},
	Title = {Bowdoin - Energy Challenge 2009}}

@misc{brandeis,
	Date-Added = {2010-05-11 13:06:55 -1000},
	Date-Modified = {2010-05-11 13:07:43 -1000},
	Howpublished = {\url{http://www.brandeis.edu/campussustainability/energy/challenge.html}},
	Title = {{Brandeis University - Campus Sustainability Initiative}}}

@misc{indiana-energychallenge,
	Date-Added = {2010-05-11 13:05:25 -1000},
	Date-Modified = {2010-05-11 13:05:57 -1000},
	Howpublished = {\url{http://energychallenge.indiana.edu/Home.html}},
	Title = {{IU Energy Challenge}}}

@misc{iowa-sturrier,
	Date-Added = {2010-05-07 17:21:27 -1000},
	Date-Modified = {2010-05-07 17:21:57 -1000},
	Howpublished = {\url{http://www.facilities.uiowa.edu/ec/ResHallChallenge.htm}},
	Title = {{University of Iowa Facilities Management} website}}

@misc{unc-chapelhill,
	Date-Added = {2010-05-07 17:17:30 -1000},
	Date-Modified = {2010-05-07 17:18:01 -1000},
	Howpublished = {\url{http://www.carolinagreen.unc.edu/GreenGames/tabid/247/Default.aspx}},
	Title = {{Carolina Green} website}}

@misc{unc-asheville,
	Date-Added = {2010-05-07 17:14:20 -1000},
	Date-Modified = {2010-05-07 17:14:49 -1000},
	Howpublished = {\url{http://www2.unca.edu/environment/greentour/residencehalls.html}},
	Title = {{UNC Asheville Green Tour}}}

@misc{tufts-competition,
	Author = {{Jason Rosenbaum}},
	Date-Added = {2010-05-07 17:05:48 -1000},
	Date-Modified = {2010-05-07 17:10:03 -1000},
	Howpublished = {\url{http://www.tuftsdaily.com/dorm-residents-do-it-in-the-dark-1.843970}},
	Month = {October},
	Title = {Dorm residents {Do it in the Dark}},
	Year = {2008}}

@misc{djangosites-mahalo,
	Date-Added = {2010-05-07 16:59:14 -1000},
	Date-Modified = {2010-05-07 16:59:49 -1000},
	Howpublished = {\url{http://www.djangosites.org/s/mahalo-com/}},
	Title = {Djangosites - Mahalo}}

@misc{vt-facebook,
	Date-Added = {2010-05-04 13:27:03 -1000},
	Date-Modified = {2010-05-04 13:27:28 -1000},
	Howpublished = {\url{http://www.facebook.com/group.php?gid=26608039628&ref=search&sid=1175667123.3268756565..1#!/pages/Virginia-Tech-Eco-Olympics/388159291472?ref=ts}},
	Title = {{Virginia Tech Eco-Olympics Facebook group}}}

@misc{duke-facebook,
	Date-Added = {2010-05-04 13:26:03 -1000},
	Date-Modified = {2010-05-04 13:26:42 -1000},
	Howpublished = {\url{http://www.facebook.com/group.php?gid=26608039628&ref=search&sid=1175667123.3268756565..1}},
	Title = {{Eco-Olympics 2008 Facebook page}}}

@misc{stanford-energybowl,
	Author = {Students For a Sustainable Stanford},
	Date-Added = {2010-05-02 15:08:51 -1000},
	Date-Modified = {2010-05-02 15:13:05 -1000},
	Howpublished = {\url{http://sustainability.stanford.edu/projects/energybowl.html}},
	Title = {{Conservation Cup} (formerly the {Energy Bowl} and {Water Derby})}}

@misc{ohio-first,
	Author = {Mother Nature Network},
	Date-Added = {2010-05-02 15:07:30 -1000},
	Date-Modified = {2010-05-02 15:11:59 -1000},
	Howpublished = {\url{http://www.mnn.com/local-reports/ohio/local-blog/residence-challenge-2010-motivates-ou-students-to-save-energy?magic_tabs_comment_callback_tab=0&referer=node/48882&args=a:1:{i:0;s:5:%2248882%22;}}},
	Month = {February},
	Title = {{Residence Challenge} 2010 motivates {OU} students to save energy},
	Year = {2010}}

@misc{rice-first,
	Author = {Jessica Johns Pool},
	Date-Added = {2010-04-28 16:00:44 -1000},
	Date-Modified = {2010-05-02 15:12:45 -1000},
	Howpublished = {\url{http://www.media.rice.edu/media/NewsBot.asp?MODE=VIEW&ID=10238}},
	Month = {November},
	Title = {Competition among colleges reduces {Rice's} carbon footprint},
	Year = {2007},
	Bdsk-Url-1 = {http://www.media.rice.edu/media/NewsBot.asp?MODE=VIEW&ID=10238}}

@misc{northwestern-first,
	Author = {James Shih},
	Date-Added = {2010-04-28 15:46:57 -1000},
	Date-Modified = {2010-05-02 14:39:52 -1000},
	Howpublished = {\url{http://www.nnntv.org/viewstory.php?story_id_key=827}},
	Month = {April},
	Title = {Students Battle It Out For the Environment},
	Year = {2006},
	Bdsk-Url-1 = {http://www.nnntv.org/viewstory.php?story_id_key=827}}

@misc{northeastern-first,
	Date-Added = {2010-04-28 15:37:15 -1000},
	Date-Modified = {2010-05-02 15:13:57 -1000},
	Howpublished = {\url{http://www.heat.neu.edu/events/full/38}},
	Lastchecked = {4/28/2010},
	Title = {{Northeastern HEAT Events}},
	Bdsk-Url-1 = {http://www.heat.neu.edu/events/full/38}}

@article{energy-pledge,
	Annote = {http://jasonderuna.com/portfolio/energypledge/energypledge_chi09.pdf},
	Author = {James Pierce, Jason De Runa},
	Date-Added = {2010-04-26 11:40:21 -1000},
	Date-Modified = {2010-04-26 11:41:31 -1000},
	Journal = {Proceedings of CHI 2009},
	Month = {April},
	Title = {Energy pledge: Promoting resource conservation in college dormitories},
	Year = {2009}}

@misc{django-cas,
	Date-Added = {2010-04-22 10:05:15 -1000},
	Date-Modified = {2010-05-02 15:13:18 -1000},
	Howpublished = {\url{http://code.google.com/p/django-cas/}},
	Lastchecked = {4/21/2010},
	Title = {Django {CAS Google Code} Website},
	Bdsk-Url-1 = {http://code.google.com/p/django-cas/}}

@misc{google-powermeter,
	Date-Added = {2010-04-21 13:37:21 -1000},
	Date-Modified = {2010-05-02 15:13:50 -1000},
	Howpublished = {\url{http://www.google.com/powermeter/about/index.html}},
	Title = {{Google Powermeter Website}},
	Bdsk-Url-1 = {http://www.google.com/powermeter/about/index.html}}

@misc{wattdepot-rest,
	Author = {Robert Brewer, Philip Johnson},
	Date-Added = {2010-04-21 13:33:13 -1000},
	Date-Modified = {2010-05-02 14:43:06 -1000},
	Howpublished = {\url{http://code.google.com/p/wattdepot/wiki/RestApi}},
	Title = {{WattDepot REST API Wiki}},
	Bdsk-Url-1 = {http://code.google.com/p/wattdepot/wiki/RestApi}}

@misc{oberlin-goals,
	Date-Added = {2010-04-21 12:48:34 -1000},
	Date-Modified = {2010-05-02 14:43:46 -1000},
	Howpublished = {\url{http://cs.oberlin.edu/~envs/goals/index.php}},
	Title = {{Oberlin Campus Resource Monitoring System - Goals and Explanations}},
	Bdsk-Url-1 = {http://cs.oberlin.edu/~envs/goals/index.php}}

@misc{lucid-competitions,
	Date-Added = {2010-04-21 12:34:33 -1000},
	Date-Modified = {2010-05-02 14:36:16 -1000},
	Howpublished = {http://www.luciddesigngroup.com/energycompetitions.php},
	Lastchecked = {4/21/2010},
	Title = {{Lucid Design Group Energy Competitions}},
	Bdsk-Url-1 = {http://www.luciddesigngroup.com/energycompetitions.php}}

@misc{indiana-first,
	Date-Added = {2010-04-21 12:18:42 -1000},
	Date-Modified = {2010-05-02 15:12:32 -1000},
	Howpublished = {\url{http://newsinfo.iu.edu/news/page/normal/8063.html}},
	Month = {April},
	Title = {{Briscoe, Teter} are "biggest loser" in {IU} energy conservation competition},
	Year = {2008},
	Bdsk-Url-1 = {http://newsinfo.iu.edu/news/page/normal/8063.html}}

@misc{harvard-greencup,
	Date-Added = {2010-04-21 12:14:05 -1000},
	Date-Modified = {2010-05-02 15:13:42 -1000},
	Howpublished = {\url{http://green.harvard.edu/greencup/history.php}},
	Title = {{Harvard Green Cup - History}},
	Bdsk-Url-1 = {http://green.harvard.edu/greencup/history.php}}

@misc{pinax,
	Date-Added = {2010-04-20 10:13:34 -1000},
	Date-Modified = {2010-05-02 14:45:54 -1000},
	Howpublished = {\url{http://pinaxproject.com}},
	Title = {Pinax Website},
	Bdsk-Url-1 = {http://pinaxproject.com}}

@misc{django,
	Date-Added = {2010-04-20 10:13:21 -1000},
	Date-Modified = {2010-05-02 14:46:15 -1000},
	Howpublished = {\url{http://djangoproject.com}},
	Title = {Django Website},
	Bdsk-Url-1 = {http://djangoproject.com}}

@misc{oberlin-news,
	Author = {Harmony Pringle},
	Date-Added = {2010-04-20 10:08:41 -1000},
	Date-Modified = {2010-05-02 14:47:06 -1000},
	Howpublished = {\url{http://new.oberlin.edu/newsletters/around-the-square/detail_page.dot?id=959035&issueUrl=/newsletters/around-the-square/2009/04/issue_02.dot&pageTitle=April%2016,%202009}},
	Month = {April},
	Title = {{Oberlin's Second Annual Ecolympics in Full Swing}},
	Year = {2009},
	Bdsk-Url-1 = {http://new.oberlin.edu/newsletters/around-the-square/detail_page.dot?id=959035&issueUrl=/newsletters/around-the-square/2009/04/issue_02.dot&pageTitle=April%2016,%202009}}

@misc{oberlin-history,
	Date-Added = {2010-04-20 10:02:01 -1000},
	Date-Modified = {2010-05-02 14:47:55 -1000},
	Howpublished = {\url{http://www.oberlin.edu/sustainability/about/history.html}},
	Title = {{Oberlin Office of Environmental Sustainability - History and Timeline}},
	Bdsk-Url-1 = {http://www.oberlin.edu/sustainability/about/history.html}}

@misc{lucid-oberlin,
	Date-Added = {2010-04-20 09:59:48 -1000},
	Date-Modified = {2010-05-02 14:48:49 -1000},
	Howpublished = {\url{http://www.luciddesigngroup.com/institutional.php?page=4}},
	Title = {Lucid Design Group - Institutional Customers},
	Bdsk-Url-1 = {http://www.luciddesigngroup.com/institutional.php?page=4}}

@misc{oberlin-comp,
	Date-Added = {2010-04-19 16:19:21 -1000},
	Date-Modified = {2010-05-02 14:49:22 -1000},
	Howpublished = {\url{http://www.oberlin.edu/dormenergy/}},
	Title = {Oberlin College Campus Resource Monitoring System},
	Bdsk-Url-1 = {http://www.oberlin.edu/dormenergy/}}

@misc{duke-eco-olympics,
	Date-Added = {2010-04-18 14:55:59 -1000},
	Date-Modified = {2010-05-02 15:13:31 -1000},
	Howpublished = {\url{http://www.duke.edu/web/env_alliance/games/}},
	Title = {{Duke Eco-Olympics} 2006},
	Bdsk-Url-1 = {http://www.duke.edu/web/env_alliance/games/}}

@misc{wattdepot,
	Author = {Robert Brewer, Philip Johnson},
	Date-Added = {2010-04-07 17:24:19 -1000},
	Date-Modified = {2010-05-02 14:37:59 -1000},
	Howpublished = {\url{http://code.google.com/p/wattdepot}},
	Title = {WattDepot},
	Bdsk-Url-1 = {http://code.google.com/p/wattdepot}}

@misc{lucid,
	Author = {Lucid Design Group},
	Date-Added = {2010-04-07 12:09:56 -1000},
	Date-Modified = {2010-05-02 14:37:35 -1000},
	Howpublished = {\url{http://luciddesigngroup.com}},
	Title = {Building Dashboard For Schools},
	Bdsk-Url-1 = {http://luciddesigngroup.com}}

@article{oberlin-feedback,
	Author = {John E. Petersen and Vladislav Shunturov and Kathryn Janda and Gavin Platt and Kate Weinberger},
	Date-Added = {2010-04-07 11:35:17 -1000},
	Date-Modified = {2012-05-30 07:35:02 +0000},
	Journal = {International Journal of Sustainability in Higher Education},
	Number = {1},
	Pages = {16-33},
	Title = {Dormitory Residents Reduce Electricity Consumption When Exposed to Real-Time Visual Feedback and Incentives},
	Volume = {8},
	Year = {2007}}
