@inproceedings{Abrahamsson02,
 author = {Abrahamsson,, Pekka and Kautz,, Karlheinz},
 title = {Personal Software Process: Classroom Experiences from {F}inland},
 booktitle = {Proceedings of the 7th International Conference on Software Quality},
 year = {2002},
 isbn = {3-540-43749-5},
 pages = {175--185},
 publisher = {Springer-Verlag},
 address = {London, UK},
 }

@article{Babar08,
 author = {Babar,, Muhammad Ali and Kitchenham,, Barbara and Jeffery,, Ross},
 title = {Comparing distributed and face-to-face meetings for software architecture evaluation: A controlled experiment},
 journal = {Empirical Software Engineering},
 volume = {13},
 number = {1},
 year = {2008},
 issn = {1382-3256},
 pages = {39--62},
 doi = {http://dx.doi.org/10.1007/s10664-007-9052-6},
 publisher = {Kluwer Academic Publishers},
 address = {Hingham, MA, USA},
 }


@proceedings{Basili06,
  editor    = {Victor R. Basili and
               H. Dieter Rombach and
               Kurt Schneider and
               Barbara A. Kitchenham and
               Dietmar Pfahl and
               Richard W. Selby},
  title     = {Empirical Software Engineering Issues. Critical Assessment
               and Future Directions, International Workshop, Dagstuhl
               Castle, Germany, June 26-30, 2006. Revised Papers},
  booktitle = {Empirical Software Engineering Issues},
  publisher = {Springer},
  series    = {Lecture Notes in Computer Science},
  volume    = {4336},
  year      = {2007},
  isbn      = {978-3-540-71300-5},
  bibsource = {DBLP, http://dblp.uni-trier.de}
}



@INPROCEEDINGS{Carrington01,
title={{PSP} in the large class},
author={Carrington, D. and McEniery, B. and Johnston, D.},
booktitle={Proceedings of the 14th Conference on Software Engineering Education and Training},
year={2001},
pages={81-88},
ISSN={}
}



@article{Carver06,
 author = {Carver,, Jeffrey and Shull,, Forrest and Basili,, Victor},
 title = {Can observational techniques help novices overcome the software inspection learning curve? An empirical investigation},
 journal = {Empirical Software Engineering},
 volume = {11},
 number = {4},
 year = {2006},
 issn = {1382-3256},
 pages = {523--539},
 doi = {http://dx.doi.org/10.1007/s10664-006-9021-5},
 publisher = {Kluwer Academic Publishers},
 address = {Hingham, MA, USA},
 }


@proceedings{DBLP:conf/ispw/2007,
  editor    = {Qing Wang and
               Dietmar Pfahl and
               David M. Raffo},
  title     = {Software Process Dynamics and Agility, International Conference
               on Software Process, ICSP 2007, Minneapolis, MN, USA, May
               19-20, 2007, Proceedings},
  booktitle = {ICSP},
  publisher = {Springer},
  series    = {Lecture Notes in Computer Science},
  volume    = {4470},
  year      = {2007},
  isbn      = {978-3-540-72425-4},
  bibsource = {DBLP, http://dblp.uni-trier.de}
}

@InBook{Dewey10,
  author = 	 {John Dewey},
  title = 	 {How we think},
  chapter = 	 {Empirical and scientific thinking},
  publisher = 	 {D.C. Heath},
  year = 	 {1910}
}

@InProceedings{Dingsoyr99,
  author = 	 {Torgeir Dingsoyr and Letizia Jaccheri and Alf Wang},
  title = 	 {Teaching Software Process Improvement through a case study},
  booktitle = {Proceedings of the Conference on Engineering and Computer Education},
  year = 	 {1999},
  address = 	 {Rio de Janeiro, Brazil}
}

@inproceedings{Drappa00,
 author = {Drappa,, Anke and Ludewig,, Jochen},
 title = {Simulation in software engineering training},
 booktitle = {Proceedings of the 22nd International Conference on Software Engineering},
 year = {2000},
 isbn = {1-58113-206-9},
 pages = {199--208},
 location = {Limerick, Ireland},
 doi = {http://doi.acm.org/10.1145/337180.337203},
 publisher = {ACM},
 address = {New York, NY, USA},
 }

@article{Host00,
 author = {H\"{o}st,, Martin and Regnell,, Bj\"{o}rn and Wohlin,, Claes},
 title = {Using Students as Subjects---A Comparative Study ofStudents and Professionals in Lead-Time Impact Assessment},
 journal = {Empirical Software Engineering},
 volume = {5},
 number = {3},
 year = {2000},
 issn = {1382-3256},
 pages = {201--214},
 doi = {http://dx.doi.org/10.1023/A:1026586415054},
 publisher = {Kluwer Academic Publishers},
 address = {Hingham, MA, USA},
 }

@inproceedings{Host02,
 author = {H\"{o}st,, Martin},
 title = {Introducing Empirical Software Engineering Methods in Education},
 booktitle = {Proceedings of the 15th Conference on Software Engineering Education and Training},
 year = {2002},
 pages = {170},
 publisher = {IEEE Computer Society},
 address = {Washington, DC, USA},
 }

@inproceedings{Jain06,
author = {Apurva Jain and Barry Boehm},
title = {{SimVBSE}: Developing a Game for Value-Based Software Engineering},
booktitle ={Proceedings of the Conference on Software Engineering Education and Training},
year = {2006},
pages = {103-114},
doi = {http://doi.ieeecomputersociety.org/10.1109/CSEET.2006.31},
publisher = {IEEE Computer Society},
address = {Los Alamitos, CA, USA}
}

@InProceedings{Jedlitschka04,
  author = 	 {A. Jedlitschka and M. Ciolkowski},
  title = 	 {Towards evidence in software engineering},
  booktitle =	 {Proceedings of the 2004 International Symposium on Empirical Software Engineering},
  year =	 {2004}
}

@InProceedings{Kitchenham04,
  author = 	 {Barbara Kitchenham and Tore Dyba and Magne Jorgensen},
  title = 	 {Evidence-based Software Engineering},
  booktitle =	 {Proceedings of the 2004 International Conference on Software Engineering},
  year =	 {2004}
}

@InProceedings{Jaccheri05,
  author = 	 {Letizia Jaccheri and Thomas Osterlie},
  title = 	 {Can we teach empirical software engineering?},
  booktitle = {Proceedings of the 11th {IEEE} International Software Metrics Symposium},
  year = 	 {2005},
  address = 	 {Como, Italy},
  month = 	 {September}
}



@InProceedings{Kitchenham04a,
  author = 	 {B. Kitchenham},
  title = 	 {Systematic Reviews},
  booktitle =	 {Proceedings of the 2004 International Symposium on Software Metrics},
  year =	 {2004}
}

@inproceedings{Klappholz03,
author = {David Klappholz and Lawrence Bernstein and Dan Port and Peter Dominic},
title = {Tools for Outcomes Assessment of Education and Training in the Software Development Process},
booktitle ={Proceedings of the Conference on Software Engineering Education and Training},
year = {2003},
pages = {331},
doi = {http://doi.ieeecomputersociety.org/10.1109/CSEE.2003.1191397},
publisher = {IEEE Computer Society},
address = {Los Alamitos, CA, USA}
}

@INPROCEEDINGS{Lisack00,
title={The Personal Software Process in the classroom: student reactions (an experience report)},
author={Lisack, S.K.},
booktitle={Proceedings of the 13th Conference on Software Engineering Education and Training},
year={2000},
month={March},
pages={ 169-175},
ISSN={1093-0175 }
}

@Book{Mager62,
  author = 	 {Robert Mager},
  title = 	 {Preparing objectives for programmed instruction},
  publisher = 	 {Fearon},
  year = 	 {1962},
  address = 	 {Belmont, CA}
}


@INPROCEEDINGS{Maletic01,
    author = {Jonathan I. Maletic and Anita Howald and Andrian Marcus},
    title = {Incorporating {PSP} into a Traditional Software Engineering Course: An Experience Report},
    booktitle = {Proceedings of the Fourteenth Conference on Software Engineering Education and Training},
    year = {2001},
    pages = {89--97}
}

@INPROCEEDINGS{Marick99,
    author = {Brian Marick},
    title = {How to Misuse Code Coverage},
    booktitle = {Proceedings of the 16th Interational Conference on Testing Computer Software},
    year = {1999},
    pages = {16--18}
}



@InProceedings{Navarro07,
  title = 	 {Comprehensive evaluation of an educational software engineering simulation environment},
  author = 	 {Emily Navarro and Andre van der Hoek},
  booktitle = {Proceedings of the Twentieth Conference on Software Engineering Education and Training},
  year = 	 {2007},
  month = 	 {July}
}

@InProceedings{Navarro09,
  author = 	 {Emily Navarro and Andre van der Hoek},
  title = 	 {Multi-site evaluation of Sim{SE}},
  booktitle = {Proceedings of the The 40th ACM Technical Symposium on Computer Science Education},
  year = 	 {2009},
  address = 	 {Chattanooga, TN},
  month = 	 {March}
}

@article{Pfahl03,
 author = {Pfahl,, Dietmar and Laitenberger,, Oliver and Dorsch,, J\"{o}rg and Ruhe,, G\"{u}nther},
 title = {An Externally Replicated Experiment for Evaluating the Learning Effectiveness of Using Simulations in Software Project Management Education},
 journal = {Empirical Software Engineering},
 volume = {8},
 number = {4},
 year = {2003},
 issn = {1382-3256},
 pages = {367--395},
 doi = {http://dx.doi.org/10.1023/A:1025320418915},
 publisher = {Kluwer Academic Publishers},
 address = {Hingham, MA, USA},
 }

@TechReport{Pomeroy-Huff08,
  author = 	 {Marsha Pomeroy-Huff and Julia Mullaney and Robert Cannon and Mark Sebern},
  title = 	 {The Personal Software Process ({PSP}) Body of Knowledge, Version 1.0},
  institution =  {Software Engineering Institute},
  year = 	 {2008},
  number = 	 {CMU/SEI-2005-SR-003},
  address = 	 {Pittsburgh, Pennsylvania},
}

@inproceedings{Shin07,
  author    = {Hyunil Shin and
               Ho-Jin Choi and
               Jongmoon Baik},
  title     = {Jasmine: A PSP Supporting Tool},
  booktitle = {ICSP},
  year      = {2007},
  pages     = {73-83},
  ee        = {http://dx.doi.org/10.1007/978-3-540-72426-1_7},
  crossref  = {DBLP:conf/ispw/2007},
  bibsource = {DBLP, http://dblp.uni-trier.de}
}

@article{Valerdi07,
 author = {Valerdi,, Ricardo and Madachy,, Ray},
 title = {Impact and contributions of MBASE on software engineering graduate courses},
 journal = {Journal of Systems and Software},
 volume = {80},
 number = {8},
 year = {2007},
 issn = {0164-1212},
 pages = {1185--1190},
 doi = {http://dx.doi.org/10.1016/j.jss.2006.09.051},
 publisher = {Elsevier Science Inc.},
 address = {New York, NY, USA},
 }


@Article{Wing06,
  author = 	 {Jeannette Wing},
  title = 	 {Computational Thinking},
  journal = 	 {Communications of the {ACM}},
  volume =       49,
  number =       3,
  month =        {March},
  year = 	 2006
}




































