@book{reeves2009total,
  title={Total engagement: using games and virtual worlds to change the way people work and businesses compete},
  author={Reeves, B. and Read, J.L.},
  year={2009},
  publisher={Harvard Business School Press}
}

@book{mcgonigal2011reality,
  title={Reality is broken: Why games make us better and how they can change the world},
  author={McGonigal, J.},
  year={2011},
  publisher={Penguin Press}
}

@inproceedings{krentz1998play,
  title={Play and education in Plato's Republic},
  author={Krentz, A.A.},
  booktitle={Twentieth Congress of Philosophy. http://www.bu.edu/wcp/Papers/Educ/EducKren.htm},
  year={1998}
}

@book{walters1929guide,
  title={A Guide to the Exhibition Illustrating Greek and Roman Life},
  author={Walters, HB and British Museum. Department of Greek and Roman Antiquities},
  year={1929},
  publisher={British Museum}
}

@inproceedings{chorost2011,
  title={How I kicked my addiction to the iPhone game Angry Birds},
  author={Chorost, Michael},
  booktitle={Blog. http://www.psychologytoday.com/blog/world-wide-mind/201101/how-i-kicked-my-addiction-the-iphone-game-angry-birds},
   year={2011}
}

@inproceedings{Michaelson2010,
  title={8 Ways FarmVille Designs for Engagement},
  author={Michaelson, Phil},
  booktitle={Blog. http://www.philmichaelson.com/user-generated-content/8-design-tactics-farmville/},
   year={2011}
}

@book{csikszentmihalyi1991flow,
  title={Flow: The psychology of optimal experience: Steps toward enhancing the quality of life},
  author={Csikszentmihalyi, M.},
  year={1991},
  publisher={Harper Collins Publishers}
}

@article{susi2007serious,
  title={Serious games--An overview},
  author={Susi, T. and Johannesson, M. and Backlund, P.},
  journal={Sk{\\"o}vde: University of Sk{\\"o}vde (Technical Report HS-IKI-TR-07-001)},
  year={2007}
}

@book{zichermann2010game,
  title={Game-based marketing: inspire customer loyalty through rewards, challenges, and contests},
  author={Zichermann, G. and Linder, J.},
  year={2010},
  publisher={Wiley}
}

@book{zichermann2011gamification,
  title={Gamification by Design: Implementing Game Mechanics in Web and Mobile Apps},
  author={Zichermann, G. and Cunningham, C.},
  year={2011},
  publisher={O'Reilly Media, Inc.}
}

@inproceedings{Lazzaro2010,
  title={Fun Meters: Data Driven Design for Tilt: Flip's Adventure in 1.5 Dimensions },
  author={Lazzaro, Nicole},
  booktitle={Talk. http://www.slideshare.net/NicoleLazzaro/fun-meters-data-driven-design-for-tilt},
   year={2010}
}

@inproceedings{lazzaro2004we,
  title={Why we play games: Four keys to more emotion without story},
  author={Lazzaro, N.},
  url={http://xeodesign.com/xeodesign_whyweplaygames.pdf},
  year={2004}
}

@inproceedings{Lazzaro2011,
  title={Chasing Wonder and the Future of Engagement},
  author={Lazzaro, Nicole},
  booktitle={Talk. http://www.slideshare.net/NicoleLazzaro/chasing-wonder-and-the-future-of-engagement},
   year={2011}
}

@article{vockell2004educational,
  title={Educational psychology: A practical approach},
  author={Vockell, E.},
  journal={Purdue University},
  year={2004}
}

@article{kaptein2011adaptive,
  title={ADAPTIVE PERSUASIVE MESSAGES IN AN E-COMMERCE SETTING: THE USE OF PERSUASION PROFILES},
  author={Kaptein, M.},
  year={2011}
}

@article{kaptein2009can,
  title={Can you be persuaded? individual differences in susceptibility to persuasion},
  author={Kaptein, M. and Markopoulos, P. and de Ruyter, B. and Aarts, E.},
  journal={Human-Computer Interaction--INTERACT 2009},
  pages={115--118},
  year={2009},
  publisher={Springer}
}

@book{isbister2008game,
  title={Game Usability: Advancing the Player Experience},
  author={Isbister, K. and Schaffer, N.},
  year={2008},
  publisher={Morgan Kaufmann Pub}
}

@book{anderson2011seductive,
  title={Seductive Interaction Design: Creating Playful, Fun, and Effective User Experiences},
  author={Anderson, S.P.},
  year={2011},
  publisher={New Riders Press}
}

@article{haque2010,
  title={Unlocking the Mayor Badge of Meaninglessness},
  author={HAQUE, UMAIR},
  journal={Haward Business Review Blog},
  url={http://blogs.hbr.org/haque/2010/12/unlocking_the_mayor_badge_of_m.html},
  year={2010}
}

@book{schell2008art,
  title={The Art of Game Design: A book of lenses},
  author={Schell, J.},
  year={2008},
  publisher={Morgan Kaufmann}
}

@inproceedings{ducheneaut2006alone,
  title={Alone together?: exploring the social dynamics of massively multiplayer online games},
  author={Ducheneaut, N. and Yee, N. and Nickell, E. and Moore, R.J.},
  booktitle={Proceedings of the SIGCHI conference on Human Factors in computing systems},
  pages={407--416},
  year={2006},
  organization={ACM}
}

@article{yee2002facets,
  title={Facets: 5 motivation factors for why people play MMORPGs},
  author={Yee, N.},
  journal={www.nickyee.com},
  pages={1--14},
  year={2002}
}

@article{yee2002understanding,
  title={Understanding MMORPG addiction},
  author={Yee, N.},
  journal={Retrieved February, 2012},
  volume={15},
  pages={2008},
  year={2002}
}

@article{yee2001vsb,
  title={The Virtual Skinner Box},
  author={Yee, N.},
  journal={http://www.nickyee.com/eqt/skinner.html},
  year={2001}
}
 
 @article{mcgonigal2010ted,
   title={Gaming can make a better world},
   author={McGonigal, Jane},
   journal={Retrieved February, 2012},
   url={http://www.ted.com/talks/jane_mcgonigal_gaming_can_make_a_better_world.html},
   year={2010}
}

 @misc{Priebatsch2010ted,
   title={The game layer on top of the world},
   author={Priebatsch, Seth},
   url={http://www.ted.com/talks/seth_priebatsch_the_game_layer_on_top_of_the_world.html},
	 Howpublished = {\url{http://www.ted.com/talks/seth_priebatsch_the_game_layer_on_top_of_the_world.html}},
   year={2010}
}

@article{Biggs2010,
   title={SCVNGR's Secret Game Mechanics Playdeck},
   author={Biggs, John},
   url={http://techcrunch.com/2010/08/25/scvngr-game-mechanics/},
   year={2010}
}

@article{Chan2010,
   title={SCVNGR's Secret Game Mechanics Playdeck},
   author={Chan, Adrian},
   url={http://www.gravity7.com/blog/media/2010/08/507.html},
   year={2010}
}

@article{schell2010design,
  title={Design outside the box},
  author={Schell, J.},
  journal={DICE summit},
  year={2010}
}

@article{robertson2010,
  title={Can’t play, won’t play},
  author={Robertson, Margaret},
  journal={http://www.hideandseek.net/2010/10/06/cant-play-wont-play/},
  year={2010}
}

@article{Kelly2011,
  title={DICE 2011 Hot Topic: Gameplay Vs. Gamification},
  author={Kelly, Kevin},
  journal={http://www.g4tv.com/thefeed/blog/post/710342/dice-2011-hot-topic-gameplay-vs-gamification/},
  year={2011}
}

@article{scimeca2011,
  title={DICE 2011 Hot Topic: Gameplay Vs. Gamification},
  author={Scimeca, Dennis},
  journal={http://www.g4tv.com/thefeed/blog/post/710342/dice-2011-hot-topic-gameplay-vs-gamification/},
  year={2011}
}

@article{magrino2011,
  title={The pros and cons of gamification},
  author={Magrino, Tom},
  journal={http://www.gamespot.com/news/6301575.html},
  year={2011}
}

@article{anderson2011,
  title={Long After the Thrill: Sustaining Passionate Users},
  author={Anderson, Stephen},
  journal={http://www.slideshare.net/stephenpa/long-after-the-thrill-sustaining-passionate-users},
  year={2011}
}

@article{mcgonigal2011,
  title={We don’t need no stinking badges},
  author={McGonigal, Jane},  journal={http://www.slideshare.net/avantgame/we-dont-need-no-stinkin-badges-how-to-reinvent-reality-without-gamification},
  year={2011}
}

@article{sawyer2010,
  title={Issues of Gamification},
  author={Sawyer, Ben}, journal={http://bensawyer.wordpress.com/category/serious-games-2/serious-game-design/gamification/},
  year={2010}
}

@article{khatib2011crystal,
  title={Crystal structure of a monomeric retroviral protease solved by protein folding game players},
  author={Khatib, F. and DiMaio, F. and Cooper, S. and Kazmierczyk, M. and Gilski, M. and Krzywda, S. and Zabranska, H. and Pichova, I. and Thompson, J. and Popovi{\'c}, Z. and others},
  journal={Nature Structural \& Molecular Biology},
  year={2011},
  publisher={Nature Publishing Group}
}

@article{bosch2011,
  title={Score One for Gamification},
  author={Bosch, Torie},
  journal={Retrieved February, 2012},
  url={http://www.slate.com/blogs/future_tense/2011/09/19/score_one_for_gamification.html},
  year={2011},
}

@book{bogost2007persuasive,
  title={Persuasive games: The expressive power of videogames},
  author={Bogost, I.},
  year={2007},
  publisher={The MIT Press},
}

@article{bogost,
  title={Gamification is Bullshit},
  author={Bogost, I.},
  url={http://www.bogost.com/blog/gamification_is_bullshit.shtml},
  year={2011},
}

@article{murphygames,
  title={Why Games Work and the Science of Learning},
  author={Murphy, C.},
  url={http://www.goodgamesbydesign.com/?p=59},
  year={2011},
}

@book{fogg_2003, 
  title={Persuasive Technology: Using Computers to Change What We Think and Do}, 
  author={Fogg, B J},
  url={http://www.loc.gov/catdir/toc/els031/2002110617.html}, 
  publisher={Morgan Kaufmann},  
  year={2003}, 
  pages={283}
}

@article{baxter_2011,
  title={WHY PERSUASIVE DESIGN SHOULD BE YOUR NEXT SKILL SET},
  author={Baxter, Loren},
  journal={http://uxmag.com/design/why-persuasive-design-should-be-your-next-skill-set},
  year={2011},
}

@article{Deterding2011,
  title={A Quick Buck by Copy and Paste},
  author={Deterding, Sebastian},
  journal={http://gamification-research.org/2011/09/a-quick-buck-by-copy-and-paste/},
  year={2011},
}

@inproceedings{Deterding2011mt,
  title={From Game Design Elements to Gamefulness: Defining ``Gamification''},
  author={Sebastian Deterding and Dan Dixon and Rilla Khaled and Lennart Nacke},
	Booktitle = {Proceedings of MindTrek},
  year={2011}
}

@article{Deterding2011dragon,
  title={There Be Dragons: Ten Potential Pitfalls of Gamification},
  author={Deterding, Sebastian},
  journal={http://www.slideshare.net/dings/there-be-dragons-ten-potential-pitfalls-of-gamification},
  year={2011},
}

@article{Deterding2010pawn,
  title={Pawned. Gamification and Its Discontents},
  author={Deterding, Sebastian},
  journal={http://www.slideshare.net/dings/pawned-gamification-and-its-discontents},
  year={2010},
}

@article{Deterding2011meaningful,
  title={Meaningful Play. Getting Gamification Right},
  author={Deterding, Sebastian},
  journal={http://www.slideshare.net/dings/meaningful-play-getting-gamification-right},
  year={2011},
}

@article{Kim2010,
  title={Designing the player journey},
  author={Kim, Amy Jo},
  journal={http://www.slideshare.net/amyjokim/gamification-101-design-the-player-journey},
  year={2010},
}

@book{pink2009drive,
  title={Drive: The surprising truth about what motivates us},
  author={Pink, D.H.},
  publisher={Riverhead Books},
  year={2009}
}

@article{gee2003video,
  title={What video games have to teach us about learning and literacy},
  author={Gee, J.P.},
  journal={Computers in Entertainment (CIE)},
  volume={1},
  number={1},
  pages={20--20},
  year={2003},
  publisher={ACM}
}

@article{bartle1996hearts,
  title={Hearts, clubs, diamonds, spades: Players who suit MUDs},
  author={Bartle, R.},
  journal={Journal of MUD research},
  url={http://www.mud.co.uk/richard/hcds.htm},
  volume={1},
  number={1},
  pages={19},
  year={1996}
}

@inproceedings{hunicke2004mda,
  title={MDA: A formal approach to game design and game research},
  author={Hunicke, R. and LeBlanc, M. and Zubek, R.},
  booktitle={Proceedings of the AAAI-04 Workshop on Challenges in Game AI},
  pages={1--5},
  year={2004}
}

@article{esa2010,
  title={Industry Facts},
  author={Entertainment Software Association},
  journal={www.theesa.com/facts/index.asp},
  year={2010},
}

@article{gartner2010,
  title={Gamification Primer: Life Becomes a Game },
  author={Gartner},
  journal={www.gartner.com/DisplayDocument?id=1528016},
  year={2010},
}

@article{gartnerPress2011,
  title={Press Release},
  author={Gartner},
  journal={https://www.gartner.com/it/page.jsp?id=1629214},
  year={2011},
}

@article{gartnerPress2011HypeCycle,
  title={Gartner's 2011 Hype Cycle Special Report Evaluates the Maturity of 1,900 Technologies},
  author={Gartner},
  journal={https://www.gartner.com/it/page.jsp?id=1763814},
  year={2011},
}

@book{norman2002design,
  title={The design of everyday things},
  author={Norman, D.A.},
  volume={16},
  year={2002},
  publisher={Basic Books New York}
}

@article{Wroblewski,
  title={Defining Interaction Design},
  author={Luke Wroblewski},
  journal={http://www.lukew.com/ff/entry.asp?327},
  year={2006},
}

@article{ideo2009,
  title={Hybrid Electric Vehicle Interaction},
  author={IDEO},
  journal={http://www.ideo.com/work/hybrid-electric-vehicle-dashboard-interaction},
  year={2009},
}

@article{funtheory2009,
  title={Piano Staircase},
  author={thefuntheory.com},
  journal={http://www.thefuntheory.com/piano-staircase},
  year={2009},
}

@article{badgeville,
  title={Badgeville},
  author={Badgeville},
  journal={http://www.badgeville.com},
  year={2011},
}

@article{bunchball,
  title={Bunchball},
  author={Bunchball},
  journal={http://www.bunchball.com},
  year={2011},
}

@article{bigdoor,
  title={Bigdoor},
  author={Bigdoor},
  journal={http://www.bigdoor.com},
  year={2011},
}

@article{recyclebank,
  title={RecycleBank},
  author={RecycleBank},
  journal={http://www.recyclebank.com/},
  year={2011},
}

@article{ribbonhero,
  title={ribbonhero},
  author={ribbonhero},
  journal={http://ribbonhero.com/},
  year={2011},
}

@article{nikeplus,
  title={nikeplus},
  author={nikeplus},
  journal={http://nikeplus.com/},
  year={2011},
}

@article{foursquare,
  title={foursquare},
  author={foursquare},
  journal={http://foursquare.com/},
  year={2011},
}

@article{openbadges,
  title={openbadges},
  author={openbadges},
  journal={http://openbadges.org/},
  year={2011},
}

@article{UserInfuser,
  title={UserInfuser},
  author={UserInfuser},
  journal={http://code.google.com/p/userinfuser/},
  year={2011},
}

@article{gamificationwiki,
  title={Game Mechanics},
  author={gamification.org},
  journal={http://gamification.org/wiki/Encyclopedia},
  year={2011},
}

@article{Oxford2010,
  title={Metrics vs. Creativity: Killing Video Games?},
  author={Oxford, Nadia},
  journal={http://gametheoryonline.com/2010/12/13/metrics-video-games-gaming-data/},
  year={2010},
}

@article{Petersen2011,
  title={Gabe Zichermann on gamification, fun and metrics},
  author={Petersen, Laurie },
  journal={http://econsultancy.com/us/blog/7283-q-a-with-gabe-zichermann-on-gamification-fun-and-metrics},
  year={2011},
}

@article{Fairchild2010,
  title={The Secret Glossary of Social Games Analytics},
  author={Fairchild, Matt },
  journal={http://www.wavedash.net/2010/04/the-secret-glossary-of-social-games-analytics/},
  year={2010},
}

@article{Wikipedia,
  title={Gamification},
  author={Wikipedia},
  journal={http://en.wikipedia.org/wiki/Gamification},
  year={2011},
}

@article{WikipediaSeriousGame,
  title={Serious game},
  author={Wikipedia},
  journal={http://en.wikipedia.org/wiki/Serious_game},
  year={2011},
}

@article{WikipediaFunware,
  title={Funware},
  author={Wikipedia},
  journal={http://en.wikipedia.org/wiki/Funware},
  year={2011},
}

@book{zichermann2010game,
  title={Game-based marketing: inspire customer loyalty through rewards, challenges, and contests},
  author={Zichermann, G. and Linder, J.},
  year={2010},
  publisher={Wiley}
}

@article{M2Research2011,
  title={The gamification summit 2011 M2 Research presentation},
  author={M2 Research},
  journal={http://www.slideshare.net/loyoyo/gamification-summit-2011-presentation-m2-research-final},
  year={2011},
}

@article{niemanlab2010,
  title={I have found the cognitive surplus, and it hates pigs},
  author={Benton, Joshua },
  journal={http://www.niemanlab.org/2010/12/i-have-found-the-cognitive-surplus-and-it-hates-pigs/},
  year={2010},
}

@article{Mauro2011,
  title={Why Angry Birds is so successful and popular: a cognitive teardown of the user experience},
  author={Mauro, Charles },
  journal={http://www.mauronewmedia.com/blog/2011/02/why-angry-birds-is-so-successful-a-cognitive-teardown-of-the-user-experience/},
  year={2011},
}

@article{Wu2011,
  title={The Magic Potion of Game Dynamics},
  author={Wu, Michael },
  journal={http://lithosphere.lithium.com/t5/Building-Community-the-Platform/The-Magic-Potion-of-Game-Dynamics/ba-p/19260},
  year={2011},
}

@article{WuMetrics2011,
  title={(Relatively) Cheat Resistant Rewards and Metrics for Gamification},
  author={Wu, Michael },
  journal={http://lithosphere.lithium.com/t5/Building-Community-the-Platform/Relatively-Cheat-Resistant-Rewards-and-Metrics-for-Gamification/ba-p/30889},
  year={2011},
}

@article{Wharton2011,
  title={Can Gamification Advance to the Next Level?},
  author={Wharton},
  journal={http://knowledge.wharton.upenn.edu/article.cfm?articleid=2829},
  year={2011},
}


@article{WuSustainable2011,
  title={Sustainable Gamification: Playing the Game for the Long Haul},
  author={Wu, Michael },
  journal={http://lithosphere.lithium.com/t5/Building-Community-the-Platform/Sustainable-Gamification-Playing-the-Game-for-the-Long-Haul/ba-p/33601},
  year={2011},
}

@article{wikipediaUr,
  title={Royal Game of Ur},
  author={wikipedia},
  url={http://en.wikipedia.org/wiki/Royal_Game_of_Ur},
  year={2011},
}

@article{appdata2011,
  title={AppData FarmVille },
  author={appdata},
  journal={http://www.appdata.com/apps/facebook/102452128776-farmville},
  year={2011},
}

@article{Kontagent2010,
  title={Kontagent - Top 10 Social Game Metrics},
  author={Kontagent},
  journal={http://www.slideshare.net/kontagent/kontagent-top-10-social-game-metrics},
  year={2010},
}

@inproceedings{bell2006interweaving,
  title={Interweaving mobile games with everyday life},
  author={Bell, M. and Chalmers, M. and Barkhuus, L. and Hall, M. and Sherwood, S. and Tennent, P. and Brown, B. and Rowland, D. and Benford, S. and Capra, M. and others},
  booktitle={Proceedings of the SIGCHI conference on Human Factors in computing systems},
  pages={417--426},
  year={2006},
  organization={ACM}
}

@inproceedings{connolly2009arguing,
  title={Arguing for Multilingual Motivation in Web 2.0: a Games-Based Learning Platform for Language Learning},
  author={Connolly, T. and Stansfield, M. and Hainey, T. and Cousins, I. and Josephson, J. and O'Donovan, A. and others},
  booktitle={European Conference on Games Based Learning},
  year={2009}
}

@techreport{whitton2009alternate,
  title={Alternate Reality Games for Orientation, Socialisation and Induction ({ARGOSI})},
  author={Nicola Whitton},
  institution={JISC},
  year={2009},
  howpublished={\url{http://www.jisc.ac.uk/media/documents/programmes/usersandinnovation/argosifinalreport.pdf}}
}

@techreport{gamingforgood,
  title={Gaming For Good},
  author={Haiges, Scott},
  year={2011},
  publisher={{ROI Research Inc}},
  Institution={{ROI Research Inc}}
}

@misc{worldwithoutoil,
  title={World Without Oil, http://www.worldwithoutoil.org/metaabout.htm},
  author={{Electric Shadows}},
  publisher={http://www.worldwithoutoil.org/metaabout.htm},
  year={2010}
}

@misc{urgentevoke,
  title={Urgent Evoke},
  Howpublished={\url{http://www.urgentevoke.com/}},
  author={{World Bank Institute}},
  year={2010}
}

@misc{competetoreduce,
  title={Campus Conservation Nationals, http://www.competetoreduce.org/},
  author={{Lucid Design Group, Inc.}},
  year={2011},
  publisher={http://www.competetoreduce.org/},
}

@inproceedings{Merugu2009,
  title={An incentive mechanism for decongesting the roads: a pilot program in {B}angalore},
  author={Deepak Merugu and Balaji S. Prabhakar and N. S. Rama},
  booktitle={Proceedings of NetEcon '09, ACM Workshop on the Economics of Networked Systems},
  year={2009},
  month={July}
}

@book{marcotte2011responsive,
  title={Responsive Web Design},
  author={Marcotte, E.},
  year={2011},
  publisher={A Book Apart}
}

@article{koepp1998evidence,
  title={Evidence for striatal dopamine release during a video game},
  author={Koepp, MJ and Gunn, RN and Lawrence, AD and Cunningham, VJ and Dagher, A. and Jones, T. and Brooks, DJ and Bench, CJ and Grasby, PM and others},
  journal={Nature},
  volume={393},
  number={6682},
  pages={266--267},
  year={1998},
  publisher={[London: Macmillan Journals], 1869-}
}

@misc{thekukuicup,
  title={The Kukui Cup: Lights Off, Game on!, http://kukuicup.manoa.hawaii.edu},
  author={{The Kukui Cup}},
  year={2011},
  publisher={http://kukuicup.manoa.hawaii.edu},
}

@inProceedings{DixonPlayerType,
  author = 	 {Dan Dixon},
  title = 	 {Player Types and Gamification},
  booktitle = {Proceedings of the CHI 2011 Workshop on Gamification},
  url = {http://gamification-research.org/wp-content/uploads/2011/04/11-Dixon.pdf},
  year = 	 {2011},
}
