@Misc{WattDepotHomePage,
  author = 	 {Robert Brewer},
  title = 	 {WattDepot Home Page},
  howpublished =          {\url{http://wattdepot.googlecode.com}},
  year = 	 2010
}

@Misc{MakahikiHomePage,
  author = 	 {George Lee and Yongwen Xu},
  title = 	 {Makahiki Home Page},
  howpublished =          {\url{http://github.com/csdl/makahiki}},
  year = 	 2011
}

@Misc{HerokuHomePage,
  author = 	 {James Lindenbaum},
  title = 	 {Heroku Home Page},
  howpublished =          {\url{http://heroku.com}},
  year = 	 2011
}

@Misc{MakahikiManual,
  author = 	 {George Lee and Yongwen Xu},
  title = 	 {Makahiki Manual},
  howpublished =          {\url{http://makahiki.readthedocs.org}},
  year = 	 2011
}

@Misc{KukuiCupChallengePlanningGuide,
  author = 	 {Philip Johnson},
  title = 	 {Kukui Cup Challenge Planning Guide},
  howpublished =          {\url{http://www.kukuicup.org/planning-guide}},
  year = 	 2011
}



