/home/3/johnson/Csdl/bib/csdl-trs.bib