@techreport{Wiil90,
   author = {Uffe Kock Wiil et al.},
   title = {Design and Implementations of a HyperBase},
   institution = {Department of Mathematics and Computer Science, University of 
                 Aalborg, Denmark.},
   number = {90-03},
   year = 1990}