@Book{Carg90,
  author = 	 "Cargill, Tom ",
  title = 	 "C++ Programming Style and Idioms",
  publisher = 	 "Addison Wesley",
  year = 	 "90?",
 
}
@Unpublished{Kanz94,
  author = 	 "Kanze, James",
  title = 	 "Memory Leak Software",
  note = 	 "e-mailed to Philip Johnson 1 Feb 94",
}

