%%%%%%%%%%%%%%%%%%%%%%%%%%%%% -*- Mode: BibTeX -*- %%%%%%%%%%%%%%%%%%%%%%%%%%%%
%% hackystat.bib --  Hackystat bibliography
%% Author          : Philip Johnson
%% Created On      : Sun Aug 15 12:40:15 1993
%% Last Modified By: 
%% Last Modified On: Mon Aug 21 16:16:23 2006
%% RCS:            : $Id: ftr.bib,v 1.6 1996/07/16 21:49:54 johnson Exp johnson $
%%%%%%%%%%%%%%%%%%%%%%%%%%%%%%%%%%%%%%%%%%%%%%%%%%%%%%%%%%%%%%%%%%%%%%%%%%%%%%%





@Article{Daskalantonakis92,
  author = 	 {Michael K. Daskalantonakis},
  title = 	 {A Practical View of Software Measurement and Implementation Experiences Within {M}otorola},
  journal = 	 {{IEEE} Transactions on Software Engineering},
  year = 	 1992,
  month =	 {November}
}

@Book{Abran2001,
  editor = 	 {A. Abran and J. W. Moore and P. Bourque and R. Dupuis},
  title = 	 {{SWEBOK}: Guide to the Software Engineering Body of Knowledge},
  publisher = 	 {{IEEE}},
  year = 	 {2001}
}

@TechReport{Avizienis01,
  author = 	 {Algirdas Avizienis and Jean-Claude Laprie and Brian Randell},
  title = 	 {Fundamental Concepts of Dependability},
  institution =  {University of California, Los Angeles},
  year = 	 {2001},
  number =	 {{UCLA CSD} Report 010028}
}

@article{Basili88,
    author = "Victor R. Basili and H. Dieter Rombach",
    title = "The {TAME} {P}roject: Towards Improvement--Oriented Software Environments",
    journal = "IEEE Transactions on Software Engineering",
    volume = "SE-14",
    number = "6",
    pages = "758--773", 
    year = "1988"
}

@InBook{Basili94,
  author =	 {Victor R. Basili and Gianluigi Caldiera and H. Dieter Rombach},
  title = 	 {Encyclopedia of Software Engineering},
  chapter = 	 {Experience Factory},
  publisher = 	 {John Wiley and Sons},
  year = 	 {1994}
}

@Article{Basili96,
  author = 	 {Victor Basili and Lionel Briand and Walcelio Melo},
  title = 	 {A Validation of Object-Oriented Design Metrics as Quality Indicators},
  journal = 	 {{IEEE} Transactions on Software Engineering},
  year = 	 {1996},
  volume =	 {22},
  number =	 {10}
}

@Book{Beck00,
  author = 	 {Kent Beck},
  title = 	 {Extreme Programming Explained: Embrace Change},
  publisher = 	 {Addison-Wesley},
  year = 	 {2000}
}

@Book{Beck01,
  author = 	 {Kent Beck and Martin Fowler},
  title = 	 {Planning Extreme Programming},
  publisher = 	 {Addison-Wesley},
  year = 	 {2001}
}

@InProceedings{Benlarbi99,
  author = 	 {Saida Benlarbi and Khaled El Emam and Nishith Goel},
  title = 	 {Issues in Validating Object-oriented Metrics for Early Risk Prediction},
  booktitle = 	 {Proceedings of the 10th International Symposium on Software Reliability Engineering},
  year =	 {1999},
  month =	 {November}
}

@InProceedings{Binkley98a,
  author = 	 {Aaron Binkley and Stephen Schach},
  title = 	 {Validation of the Coupling Dependency Metric as a Predictor of RunTime Failures
and Maintenance Measures},
  booktitle = 	 {Proceedings of the 20th Annual International Conference on Software Engineering},
  year =	 {1998}
}

@Article{Binkley98b,
  author = 	 {Aaron Binkley and Stephen Schach},
  title = 	 {Metrics for Predicting Run-Time Failures and Maintenance Effort: Four Case Studies},
  journal = 	 {CrossTalk},
  year = 	 {1998},
  month =	 {August}
}

@InProceedings{Birk98,
  author = 	 {Andreas Birk and Rini van Solingen and Janne Jarvinen},
  title = 	 {Business Impact, Benefit, and Cost of Applying GQM in Industry: An In-Depth, Long-Term Investigation at Schlumberger {RPS}},
  booktitle = 	 {Proceedings of the Fifth International Symposium on Software Metrics},
  year =	 {1998},
  address =	 {Bethesda, Maryland},
  month =	 {November}
}



@InProceedings{Biyani98,
  author = 	 {S. Biyani and P. Santhanam},
  title = 	 {Exploring defect data from development and customer usage of software modules
over multiple releases},
  booktitle = 	 {Proceedings of the International Symposium on Software Reliability Engineering},
  year =	 {1998}
}

@Book{Boehm00,
  author =	 {Barry Boehm and Chris Abts and A. Winsor Brown and Sunita Chulani and Bradford Clark and Ellis Horowitz and Ray Madachy and Donald Reifer and Bert Steece},
  title = 	 {Software Cost Estimation with COCOMO II},
  publisher = 	 {Prentice Hall},
  year = 	 {2000}
}

@InProceedings{Boehm01,
  author = 	 {Barry Boehm},
  title = 	 {{COCOMO II} Data Validation},
  booktitle = 	 {Presentation at the 2001 Meeting of the International Software Engineering Research Network},
  address = 	 {Strathclyde, Scotland},
  month = 	 {August},
  year =         {2001}
}

@Book{Boehm81,
  author =	 {Barry Boehm},
  title = 	 {Software Engineering Economics},
  publisher = 	 {Prentice Hall},
  year = 	 {1981}
}

@Book{Boehm89,
  author =	 {Barry Boehm},
  title = 	 {Software Risk Management},
  publisher = 	 {{IEEE} Computer Society Press},
  year = 	 {1989}
}



@Article{Boehm88,
  author = 	 {Barry Boehm},
  title = 	 {A Spiral Model of Software Development and Enhancement},
  journal = 	 {{IEEE} Computer},
  year = 	 {1988},
  volume =	 {21},
  number =	 {5},
  month =	 {May}
}

@Article{Briand00,
  author = 	 {L. Briand and J. Wuest and J. Daly and V. Porter},
  title = 	 {Exploring the relationships between design measures and software quality in 
object oriented systems},
  journal = 	 {Journal of Systems and Software},
  year = 	 {2000},
  volume =	 {51}
}

@Article{Briand01,
  author = 	 {Lionel Briand and Jurgen Wust and Hakim Lounis},
  title = 	 {Replicated Case Studies for Investigating Quality Factors in Object-Oriented Designs},
  journal = 	 {Journal of Empirical Software Engineering},
  year = 	 {2001}
}

@Article{Bush90,
  author = 	 {Martin Bush and Norman E. Fenton},
  title = 	 {Software Measurement: A Conceptual Framework},
  journal = 	 {Journal of Systems and Software},
  year = 	 {1990},
  volume = 	 {12},
  pages = 	 {223-231}
}

@InProceedings{Cai01,
  author = 	 {Teresa Cai and M. Lyu and K.-F. Wong and M. Wong},
  title = 	 {{ComPARE}: A generic quality assessment environment for component-based
software systems},
  booktitle = 	 {Proceedings of the 2001 International Symposium on Information Systems and Engineering},
  year =	 {2001}
}

@Article{Cartwright98,
  author = 	 {M. Cartwright},
  title = 	 {An empirical view of inheritance},
  journal = 	 {Information and Software Technology},
  year = 	 {1998},
  volume =	 {40}
}

@Article{Chidamber94,
  author = 	 {Shyam Chidamber and Chris Kemerer},
  title = 	 {A metrics suite for object-oriented design},
  journal = 	 {{IEEE} Transactions on Software Engineering},
  year = 	 {1994},
  volume =	 {20},
  number =	 {6},
  month =	 {June}
}

@inproceedings{Cook98,
    author = "Jonathon E. Cook and Alexander L. Wolf",
    title = "Balboa: {A} framework for event-based process data analysis",
    booktitle = "Proceedings of the Fifth International Conference on the Software Process",
    address = "Lisle, Illinois",
    month = "June",
    year = 1998,
    pages = "99--110",
    url = "citeseer.nj.nec.com/cook98balboa.html" }

@Article{Cook98b,
  author = 	 {Jonathan E. Cook and Alexander L. Wolf},
  title = 	 {Discovering Models of Software Processes from Event-Based Data},
  journal = 	 {{ACM} Transactions on Software Engineering and Methodology},
  year = 	 1998,
  volume =	 7,
  number =	 3,
  pages =	 {191-230},
  month =	 {July},

}

@article{Cook99,
    author = "Jonathan E. Cook and Alexander L. Wolf",
    title = "Software Process Validation: Quantitatively Measuring the Correspondence of a Process to a Model",
    journal = "Software Engineering and Methodology",
    volume = "8",
    number = "2",
    pages = "147-176",
    year = "1999",
    url = "citeseer.nj.nec.com/cook96software.html" }

@Article{Daly96,
  author = 	 {J. Daly and A. Brooks and J. Miller and M. Roper and M. Wood},
  title = 	 {Evaluating inheritance depth on the maintainability of object oriented software},
  journal = 	 {Journal of Empirical Software Engineering},
  year = 	 {1996},
  volume =	 {1},
  number =	 {2}
}

@Misc{Emacs,
  author =	 {Richard Stallman},
  title =	 {Emacs: The World's Best Editor}
}

@TechReport{Emam00,
  author = 	 {Khaled El Emam},
  title = 	 {A Methodology for Validating Software Product Metrics},
  institution =  {National Research Council of Canada},
  year = 	 {2000},
  number =	 {NRC/ERB-1076},
  month =	 {June},
  url =          "http://citeseer.nj.nec.com/elemam00methodology.html"
}

@TechReport{Emam01,
  author = 	 {Khaled El Emam},
  title = 	 {Object-Oriented Metrics: A Review of Theory and Practice},
  institution =  {National Research Council of Canada},
  year = 	 {2000},
  number =	 {NRC/ERB-1085},
  month =	 {June},
  url =          "http://citeseer.nj.nec.com/479219.html"
}

@Article{Emam01a,
  author = 	 {Khaled El Emam and Walcelio Melo and Javam Machado},
  title = 	 {The prediction of faulty classes using object oriented design metrics},
  journal = 	 {Journal of Systems and Software},
  year = 	 {2001},
  volume =	 {56},
  number =	 {1}
}

@Article{Emam01b,
  author = 	 {Khaled El Emam and S. Benlarbi and N. Goel and S. Rai},
  title = 	 {The confounding effect of class size on the validity of object oriented metrics},
  journal = 	 {{IEEE} Transactions on Software Engineering},
  year = 	 {2001},
  volume =	 {27},
  number =	 {7}
}

@ARTICLE{Fagan76,
   AUTHOR = {Michael E. Fagan},
   JOURNAL = {IBM Systems Journal},
   NUMBER = 3,
   PAGES = {182-211},
   TITLE = {Design and code inspections to reduce errors in program
                  development},
   categories = {method=inspection case-studies focus=design focus=code},
   VOLUME = 15,
   YEAR = 1976
}

@InCollection{Fenton00,
  author = 	 {Norman E. Fenton and Martin Neil},
  title = 	 {Software Metrics: A Roadmap},
  booktitle = 	 {The Future of Software Engineering},
  publisher =	 {{ACM} Press},
  year =	 {2000},
  editor =	 {A. Finkelstein}
}

@Article{Fenton00b,
  author = 	 {Norman Fenton and Niclas Ohlsson},
  title = 	 {Quantitative Analysis of Faults and Failures in a Complex Software System},
  journal = 	 {{IEEE} Transactions on Software Engineering},
  year = 	 {2000},
  volume =	 {26},
  number =	 {8},
  month =	 {August}
}

@Book{Fenton97,
  author =	 {Norman Fenton and Shari L. Pfleeger},
  title = 	 {Software Metrics: A Rigorous and Practical Approach},
  publisher = 	 {Thomson Computer Press},
  year = 	 {1997}
}

@TechReport{Florac97,
  author = 	 {William A. Florac and Robert E. Park and Anita D. Carleton},
  title = 	 {Practical Software Measurement: Measuring for Process Management and Improvement},
  institution =  {Software Engineering Institute},
  year = 	 {1997},
  number =	 {{CMU/SEI}-97-{HB}-003},
  month =	 {April}
}

@misc{Franca98,
  author = "Luiz Paulo Franca",
  year = "1998",
  address = "Technical Report, Department of Computer Science, Pontificia Universidade Catolica do Rio De Janiero",
  title = "Software Measurement for Small Organizations",
  url = "citeseer.nj.nec.com/361165.html" }

@book{Gilb93,
   author = {Tom Gilb and Dorothy Graham},
   publisher = {Addison-Wesley},
   title = {Software Inspection},
   categories = {method=inspection textbooks},
   year = 1993
}



@InBook{Goldenson96,
  author =	 {Dennis Goldenson and Khaled El Emam and James Herbsleb and Christopher Deephouse},
  title = 	 {Software Process Assessment and Improvement},
  chapter = 	 {Empirical Studies of Software Process Assessment Methods},
  publisher = 	 {Computational Mechanics},
  year = 	 {1996}
}

@Article{Goth01,
  author = 	 {Gregory Goth},
  title = 	 {{NSDIR}: A legacy beyond failure},
  journal = 	 {{IEEE} Computer},
  year = 	 {2001},
  volume =	 {18},
  number =	 {5},
  month =	 {September}
}

@Misc{Hackystat,
  author =	 {Philip M. Johnson},
  title =	 {{Hackystat Framework Home Page}},
  howpublished = {http://www.hackystat.org/}
}

@Misc{EPM,
  author =	 {Koji Torii},
  title =	 {{Empirical Project Monitor (EPM) Home Page}},
  howpublished = {http://www.empirical.jp/English/index.html}
}

@Misc{SixthSenseAnalytics,
  author =	 {Greg Burnell},
  title =	 {{Sixth Sense Analytics Home Page}},
  howpublished = {http://www.6thsenseanalytics.com/}
}

@Misc{SUMS,
  author =	 {Nick Nystrom},
  title =	 {{Standardized User Monitoring Suite (SUMS) Home Page}},
  howpublished = {http://productivity.psc.edu/}
}

@Misc{PROM,
  author =	 {Giancarlo Succi},
  title =	 {{Professional Metrics (PROM) Home Page}},
  howpublished = {http://www.prom.case.unibz.it/}
}

@Misc{ECG,
  author =	 {Frank Schlesinger},
  title =	 {{ElectroCodeoGram (ECG) Home Page}},
  howpublished = {http://www.inf.fu-berlin.de/ecg}
}


@Misc{EclipseScreenRecorder,
  author =	 {Hongbing Kou},
  title =	 {{Eclipse Screen Recorder Home Page}},
  howpublished = {http://csdl.ics.hawaii.edu/Tools/Esr/}
}

@inproceedings{Osterweil05,
  author    = {Leon J. Osterweil},
  title     = {Unifying Microprocess and Macroprocess Research.},
  booktitle = {Proceedings of the International Software Process Workshop},
  year      = {2005},
  pages     = {68-74},
}

%%%%%%%%%%%%%%%%%%%%%%%%%%%%%%%%%%%%%%%%%%%%%%%%%%%%%%%%%%%%%%%%%%%%%%%%%%%%%%%%%%%%%%%


@article{Hall97,
    author = "Tracy Hall and Norman Fenton",
    title = "Implementing effective software metrics programs",
    journal = "IEEE Software",
    volume = "14",
    number = "2",
    month = "March / April",
    pages = "55--65",
    year = "1997"
}

@InProceedings{Harrison00,
  author = 	 {Warren Harrison},
  booktitle = 	 {Proceedings of the Pacific Northwest Software Quality Conference},
  title = 	 {A Universal Metrics Repository},
  year =	 {2000},
  month =	 {October}
}


@InProceedings{Harrison98,
  author = 	 {R. Harrison and S. Counsell and R. Nithi},
  title = 	 {Coupling metrics for object oriented design},
  booktitle = 	 {Proceedings of the Fifth International Symposium on Software Metrics},
  year =	 {1998}
}

@Misc{Harvest,
  key =		 {Harvest},
  title =	 {AllFusion Harvest Change Manager},
  howpublished = {Computer Associates, Inc. (http://www.ca.com/)}
}



@Article{Highsmith01,
  author = 	 {Jim Highsmith and Alistair Cockburn},
  title = 	 {Agile Software Development: The business of innovation},
  journal = 	 {{IEEE} Computer},
  year = 	 {2001},
  month =	 {September}
}

@inproceedings{Hilbert98,
    author = "David M. Hilbert and David F. Redmiles",
    title = "An Approach to Large-Scale Collection of Application Usage Data Over the Internet",
    booktitle = "Proceedings of the 20th International Conference on Software Engineering",
    pages = "136-145",
    year = "1998",
    url = "citeseer.nj.nec.com/hilbert98approach.html" }

@Book{Hosmer89,
  author =	 {D. Hosmer and S. Lemeshow},
  title = 	 {Applied Logistic Regression},
  publisher = 	 {John Wiley and Sons},
  year = 	 {1989}
}


@Article{Hudepohl96,
  author = 	 {John Hudepohl and Stephen Aud and Tahgi Khoshgoftaar and Edward Allen and Jean Mayrand},
  title = 	 {Emerald: Software Metrics and Models on the Desktop},
  journal = 	 {{IEEE} Software},
  year = 	 {1996},
  volume =	 {13},
  number =	 {5},
  month =	 {September}
}


@Book{Jeffries01,
  author = 	 {Ron Jeffries and Ann Anderson and Chet Hendrikson},
  title = 	 {Extreme Programming Installed},
  publisher = 	 {Addison-Wesley},
  year = 	 {2001}
}



@InProceedings{Kaszycki99,
  author = 	 {Greg Kaszycki},
  title = 	 {Using Process Metrics to Enhance Software Fault Prediction Models},
  booktitle = 	 {Proceedings of the 10th International Symposium on Software Reliability Engineering},
  year =	 {1999},
  month =	 {November}
}


@Article{Khoshgoftaar99,
  author = 	 {Taghi Khoshgoftaar and Edward Allen},
  title = 	 {Logistic Regression Modeling of Software Quality},
  journal = 	 {International Journal of Reliability, Quality and Safety Engineering},
  year = 	 {1999},
  volume =	 {6},
  number =	 {4}
}

@Article{Kitchenham01,
  author = 	 {Barbara Kitchenham and Robert Hughes and Stephen Linkman},
  title = 	 {Modeling Software Measurement Data},
  journal = 	 {{IEEE} Transactions on Software Engineering},
  year = 	 {2001},
  volume = 	 {27},
  number = 	 {9},
  pages = 	 {788-804},
  month = 	 {September}
}





@Article{Kitchenham95,
  author = 	 {Barbara Kitchenham and Sheri Pfleeger and Norman Fenton},
  title = 	 {Towards a Framework for Software Measurement Validation},
  journal = 	 {{IEEE} Transactions on Software Engineering},
  year = 	 {1995},
  volume = 	 {21},
  number = 	 {12},
  pages = 	 {929-944},
  month = 	 {December}
}

@Article{Lokan01,
  author = 	 {Chris Lokan and Terry Wright and Peter Hill and Michael Stringer},
  title = 	 {Organizational benchmarking using the {ISBSG} Data Repository},
  journal = 	 {{IEEE} Software},
  year = 	 {2001},
  volume =	 {18},
  number =	 {5},
  month =	 {September}
}

@InProceedings{Lyu95,
  author = 	 {M. Lyu and J. Yu and E. Keramides and S. Dalal},
  title = 	 {{ARMOR}: Analyzer for Reducing Module Operational Risk},
  booktitle = 	 {Proceedings of the 25th International Symposium on Fault-Tolerant Computing},
  year =	 {1995}
}


 

@Misc{MDS:Advantage,
  title =	 {{MDS}: The Strategic Advantage for Future Flight Projects},
  howpublished = {Jet Propulsion Laboratory, California Institute of Technology, Pasadena, California},
  month =	 {January},
  year =	 {2001}
}

@InProceedings{Mayrand96,
  author = 	 {Jean Mayrand and Francois Coallier},
  title = 	 {System acquisition based on software product assessment},
  booktitle = 	 {Proceedings of the 18th International Conference on Software Engineering},
  year =	 {1996},
}

@article{Fuggetta98,
    author = "Alfonso Fuggetta and Luigi Lavazza and Sandro Morasca and Stefano Cinti and Giandomenico Oldano and Elena Orazi",
    title = "Applying {GQM} in an Industrial Software Factory",
    journal = "Software Engineering and Methodology",
    volume = "7",
    number = "4",
    pages = "411-448",
    year = "1998"
}



@InProceedings{Mayrand96b,
  author = 	 {Jean Mayrand and Claude Leblanc and Ettore Merlo},
  title = 	 {Automatic Detection of Function Clones in a Software System using Metrics},
  booktitle = 	 {Proceedings of the 1996 International Conference of Software Maintenance},
  year =	 {1996}
}


@Misc{MetricCenter,
  author = {Peter Baxter},
  title =	 {The {MetricCenter} Toolkit},
  howpublished = {Distributive Software, Fredricksburg, Virginia},
  year = {2001}
}

@Misc{TSPTool,
  author = {Noopur Davis},
  title = {{Team Software Process} Tool},
  howpublished = {http://www.sei.cmu.edu/tsp},
  year = {2004}
}

@Misc{MDPRepository,
  author = {Mike Chapman},
  title = {{NASA MDP} Repository},
  howpublished = {http://mdp.ivv.nasa.gov/},
  year = {2004}
}

@InProceedings{Hochstein05,
  author = 	 {Lorin Hochstein and Victor Basili and Marvin Zelkowitz and Jeffrey Hollingsworth and Jeff Carver},
  title = 	 {Combining self-reported and automatic data to improve effort measurement},
  booktitle =	 {Proceedings of the 2005 Conference on Foundations of Software Engineering},
  year =	 {2005}
}

@InProceedings{Sillitti03,
  author = 	 {Alberto Sillitti and Andrea Janes and Giancarlo Succi and Tullio Vernazza},
  title = 	 {Collecting, Integrating and Analyzing Software Metrics and Personal Software Process Data},
  booktitle =	 {Proceedings of the 29th Euromicro Conference},
  year =	 {2003}
}

@TechReport{Meyer01,
  author = 	 {Kenny Meyer and Carl Puckett},
  title = 	 {Introduction to the {MDS} Process},
  institution =  {Jet Propulsion Laboratory, California Institute of Technology, Pasadena, California},
  year = 	 {2001}
}

@TechReport{Meyer02,
  author = 	 {Kenny Meyer and Daniel Dvorak},
  title = 	 {Mission Data System {HDCP} Testbed: An end-to-end platform for improving 
the dependability of state-based mission software built from component frameworks},
  institution =  {Jet Propulsion Laboratory, California Institute of Technology, Pasadena, California},
  year = 	 {2002}
}



@InProceedings{Moller93,
  author = 	 {K-H Moller and D. Paulish},
  title = 	 {An empirical investigation of software fault distribution},
  booktitle = 	 {Proceedings of the First International Software Metrics Symposium},
  year =	 {1993}
}

@Book{Myers79,
  author =	 {G.J. Myers},
  title = 	 {The Art of Software Testing},
  publisher = 	 {John Wiley and Sons},
  year = 	 {1979},
  address =	 {New York}
}

@article{Offen97,
    author = "Raymond J. Offen and Ross Jeffery",
    title = "Establishing software measurement programs",
    journal = "IEEE Software",
    volume = "14",
    number = "2",
    month = "March / April",
    pages = "45--53",
    year = "1997"
}

@InProceedings{Ohlsson99,
  author = 	 {M. Ohlsson and A. von Mayrhauser and B. McGuire and C. Wohlin},
  title = 	 {Code Decay Analysis of Legacy Software through Successive Releases},
  booktitle = 	 {Proceedings of the {IEEE} Aerospace Conference},
  year =	 {1999},
  url =	         {http://citeseer.nj.nec.com/ohlsson99code.html},
  month =	 {March},
}

@Misc{PSPDashboard,
  author =	 {Ken Raisor and David Tuma},
  title =	 {Process Dashboard for {PSP}},
  howpublished = {http://processdash.sourceforge.net/},
  year = 	 {2001}
}



@Misc{PSPStudio,
  author =	 {Joel Henry},
  title =	 {Personal Software Process Studio},
  howpublished = {http://www-cs.etsu.edu/psp/},
  year = 	 {1997}
}

@InProceedings{Pai01,
  author = 	 {Ganesh Pai and Joanne Dugan},
  title = 	 {Enhancing Software Reliablity Estimation using Bayesian Belief Networks and Fault Trees},
  booktitle = 	 {Proceedings of the 12th International Symposium on Software Reliability Engineering},
  year =	 {2001},
  month =	 {November}
}

@ARTICLE{Parnas85,
   AUTHOR = {David L. Parnas and David M. Weiss},
   JOURNAL = {Proceedings of Eighth International Conference on Software
		  Engineering},
  address = {London, England},		   
   MONTH = {August},
   PAGES = {132-136},
   categories = {method=active-design-review focus=design}, 
   TITLE = {Active Design Reviews: Principles and Practices},
   YEAR = 1985
}


@InBook{Perry95,
  author = 	 {Dewayne Perry and Nancy Staudenmayer and Lawrence Votta},
  title = 	 {Process-Centered Environments},
  chapter = 	 {Understanding and Improving Time Usage in Software Development},
  publisher = 	 {John Wiley and Sons},
  year = 	 {1995}
}

@article{Pfleeger97,
    author = "Shari L. Pfleeger and Ross Jeffery and Bill Curtis and Barbara Kitchenham",
    title = "Status Report on Software Measurement",
    journal = "IEEE Software",
    volume = "14",
    number = "2",
    pages = "33--43",
    year = "1997"
}

@inproceedings{Rosenblum97,
  author = "David S. Rosenblum and Alexander L. Wolf",
  title = "A Design Framework for Internet-Scale Event Observation and Notification",
  booktitle = "Proceedings of the~Sixth~European Software Engineering Conference",
  publisher = "Springer--Verlag",
  editor = "M. Jazayeri and H. Schauer",
  pages = "344--360",
  year = "1997",
  url = "citeseer.nj.nec.com/rosenblum97design.html" }

@InProceedings{Rosenblum98,
  author = 	 {David S. Rosenblum and Alexander L. Wolf and Antonio Carzaniga},
  title = 	 {Critical Considerations and Designs for Internet-Scale, Event-Based Compositional Architectures},
  booktitle = 	 {Workshop on Compositional Software Architectures},
  year = 	 {1998},
  address = 	 {Monterey, CA.},
  month = 	 {January}
}

@Misc{Rubin90,
  author =	 {H. Rubin},
  title =	 {{The Rubin Review, Volume III(3)}},
  month =	 {July},
  year =	 {1990}
}

@Misc{SeiPSPtool,
  author =	 {James Over},
  title =	 {{PSP/TSPi} Support Tool},
  howpublished = {http://www.awl.com/cseng/0-201-47719-x/},
  year =	 {2000}
}

@inproceedings{Selby91,
    author = "Richard W. Selby and Adam A. Porter and Doug C. Schmidt and James Berney",
    title = "Metric-driven analysis and feedback systems for enabling empirically guided software development",
    booktitle = "Proceedings of the 13th International Conference on Software Engineering",
    pages = "288-298",
    year = "1991",
    month = "May",
    address = "Austin, Texas"
 }

@Book{Simmons98,
  author =	 {Dick Simmons and Newton Ellis and Hiroko Fujihara and Way Kuo},
  title = 	 {Software Measurement: A Visualization Toolkit},
  publisher = 	 {Prentice-Hall, Inc.},
  year = 	 {1998}
}

@Book{Solingen99,
  author = 	 {Rini van Solingen and Egon Berghout},
  title = 	 {The Goal/Question/Metric Method: A practical guide
for quality improvement of software development},
  publisher = 	 {McGraw-Hill},
  year = 	 {1999}
}

@InProceedings{Szabo95,
  author = 	 {R. Szabo and T. Khoshgoftaar},
  title = 	 {Modeling software quality in an object-oriented software system},
  booktitle = 	 {Proceedings of the Annual Oregon Workshop on Software Metrics},
  year =	 {1995}
}

@InProceedings{Tang99,
  author = 	 {M.-H. Tang and M.-H. Kao and M.-H. Chen},
  title = 	 {An empirical study on object oriented metrics},
  booktitle = 	 {Proceedings of the Sixth International Symposium on Software Metrics},
  year =	 {1999}
}

@Article{Torii99,
  author = 	 {Koji Torii and Ken-ichi Matsumoto and Kumiyo Nakakoji and Yoshihiro Takada and Shingo Takada and Kazuyuki Shima},
  title = 	 {Ginger2: An environment for computer-aided empirical software engineering},
  journal = 	 {{IEEE} Transactions on Software Engineering},
  year = 	 {1999},
  volume =	 {25},
  number =	 {4},
  month =	 {July}
}

@Article{Webb99,
  author = 	 {D. Webb and Watts Humphrey},
  title = 	 {Using {TSP} on the TaskView Project},
  journal = 	 {CrossTalk: The Journal of Defense Software Engineering},
  year = 	 {1999},
  month =	 {February}
}

@Book{Wheeler92,
  title =	 {Understanding Statistical Process Control},
  author = 	 {Donald J. Wheeler and David S. Chambers},
  publisher = 	 {{SPC} Press},
  year = 	 {1992}
}


@Book{Wheeler95,
  title =	 {Advanced Topics in Statistical Process Control},
  author = 	 {Donald J. Wheeler},
  publisher = 	 {{SPC} Press},
  year = 	 {1995}
}

@Book{Whitmire97,
  author =	 {Scott Whitmire},
  title = 	 {Object oriented design measurement},
  publisher = 	 {John Wiley and Sons},
  year = 	 {1997}
}


@inproceedings{Wolf93,
    author = "Alexander L. Wolf and David S. Rosenblum",
    title = "A Study in Software Process Data Capture and Analysis",
    booktitle = "Proceedings of the Second International Conference on the Software Process",
    pages = "115--124",
    year = "1993",
    url = "citeseer.nj.nec.com/wolf93study.html"
}

@InProceedings{Woodings01,
  author = 	 {Terry Woodings and Gary Bundell},
  title = 	 {A Framework for Software Project Metrics},
  booktitle = 	 {Proceedings of the 2001 European Software Control and Metrics Conference},
  year =	 {2001},
  url = {http://www.escom.co.uk/}
}


@Misc{iso14598,
  author = {International Standards Organization},
  title =	 {{ISO/IEC 14598-2} Information Technology -- Product Evaluation, Part 1, General Overview}
}

