%%%%%%%%%%%%%%%%%%%%%%%%%%%%%% -*- Mode: Bibtex -*- %%%%%%%%%%%%%%%%%%%%%%%%%%%%
%% 05-05.bib -- 
%% RCS:            : $Id: nsf93-summary.tex,v 1.11 93/10/06 16:52:35 johnson Exp $
%% Author          : Philip Johnson
%% Created On      : Wed Aug 11 12:55:46 1993
%% Last Modified By: Philip M. Johnson
%% Last Modified On: Thu Jun 16 13:05:46 2005
%% Status          : Unknown
%%%%%%%%%%%%%%%%%%%%%%%%%%%%%%%%%%%%%%%%%%%%%%%%%%%%%%%%%%%%%%%%%%%%%%%%%%%%%%%
%%   Copyright (C) 1993 University of Hawaii
%%%%%%%%%%%%%%%%%%%%%%%%%%%%%%%%%%%%%%%%%%%%%%%%%%%%%%%%%%%%%%%%%%%%%%%%%%%%%%%
%% 
%% History
%% 11-Aug-1993          Philip Johnson  
%%    


@Book{Abran05,
  editor =	 {Alain Abran and James Moore},
  title = 	 {Guide to the Software Engineering Body of Knowledge},
  publisher = 	 {{IEEE} Computer Society},
  year = 	 {2005}
}


@InProceedings{Agrawal95,
  author = 	 {R. Agrawal and R. Srikant},
  title = 	 {Mining Sequential Patterns},
  booktitle =	 {Proceedings of the 11th International Conference on Data Engineering},
  year =	 {1995},
  address =	 {Taipei, Taiwan}
}

@Book{Beck03,
  author =       "Kent Beck", 
  title =        "{T}est-{D}riven {D}evelopment by {E}xample",
  publisher =    "Addison Wesley", 
  year =         "2003"
}


@InProceedings{Heierman04,
  author = 	 {E. Heierman and G. Youngblood and D. Cook},
  title = 	 {Mining Temporal Sequences to discover interesting patterns},
  booktitle =	 {Proceedings of the 2004 International Conference on Knowledge Discovery and Data Mining},
  year =	 {2004},
  address =	 {Seattle, Washington}
}

@Book{Humphrey95,
  author = 	 "Watts S. Humphrey",
  title = 	 "A Discipline for Software Engineering",
  publisher = 	 "Addison-Wesley",
  year = 	 1995,
  address =      "New York"
}

@InProceedings{Jedlitschka04,
  author = 	 {A. Jedlitschka and M. Ciolkowski},
  title = 	 {Towards evidence in software engineering},
  booktitle =	 {Proceedings of the 2004 International Symposium on Empirical Software Engineering},
  year =	 {2004}
}

@TechReport{Keefer03,
  author = 	 {Gerold Keefer},
  title = 	 {Extreme Programming considered harmful for reliable software development},
  institution =  {{AVOCA GmbH}},
  year = 	 {2003}
}

@InProceedings{Kitchenham04,
  author = 	 {Barbara Kitchenham and Tore Dyba and Magne Jorgensen},
  title = 	 {Evidence-based Software Engineering},
  booktitle =	 {Proceedings of the 2004 International Conference on Software Engineering},
  year =	 {2004}
}


@InProceedings{Kitchenham04a,
  author = 	 {B. Kitchenham},
  title = 	 {Systematic Reviews},
  booktitle =	 {Proceedings of the 2004 International Symposium on Software Metrics},
  year =	 {2004}
}

@Article{Leveson93,
  author = 	 {Nancy Leveson and Clark Turner},
  title = 	 {An Investigation of the {T}herac-25 Accidents},
  journal = 	 {{IEEE} Computer},
  year = 	 {1993},
  month =	 {July}
}


@InProceedings{Mannila95,
  author = 	 {H. Mannila and H. Toivonen and A. Verkamo},
  title = 	 {Discovering frequent episodes in sequences},
  booktitle =	 {Proceedings of the 1995 International Conference on Knowledge Discovery and Data Mining},
  year =	 {1995},
  address =	 {Montreal, Canada}
}

@TechReport{Prechelt99,
  author = 	 {Lutz Prechelt},
  title = 	 {The 28:1 {Grant/Sackman} legend is misleading, or: {H}ow large is interpersonal variation really? },
  institution =  {University of Karlsruhe},
  year = 	 {1999},
  number =	 {1999-18}
}



@Book{Rissanen89,
  title =	 {Stochastic Complexity in Statistical Inquiry},
  author = 	 {J. Rissanen},
  publisher = 	 {World Scientific Publishing Company},
  year = 	 {1989}
}

@Article{Royce02,
  author = 	 {Walker Royce},
  title = 	 {{CMM vs. CMMI}: From conventional to modern software management},
  journal = 	 {The Rational Edge},
  year = 	 {2002},
  month =	 {February}
}

@Article{Sackman68,
  author = 	 {H. Sackman and W. Erikson and E. Grant},
  title = 	 {Exploratory experimental studies comparing online and offline programming performance},
  journal = 	 {Communications of the {ACM}},
  year = 	 {1968},
  volume =	 {11},
  number =	 {1}
}

@Article{Schulmeyer92,
  author = 	 {G. Schulmeyer},
  title = 	 {The Net Negative Producing Programmer},
  journal = 	 {American Programmer},
  year = 	 {1992},
  month =	 {June}
}

