

@TECHREPORT{csdl-91-01,
   AUTHOR = {Philip Johnson},
   INSTITUTION = {University of Hawaii Department of Information and Computer Sciences},
   MONTH = {oct},
   NUMBER = {91-01},
   TITLE = {Introduction to the Cooperative Software Development Laboratory},
   TYPE = {CSDL Technical Report},
   YEAR = 1991
}

@ARTICLE{csdl-92-09,
   AUTHOR = {P. Johnson},
   JOURNAL = {SIGOIS},
   TITLE = {Architectural Concerns in {EGRET}},
   YEAR = {1993}
}

@TECHREPORT{csdl-92-10,
   AUTHOR = {P. Johnson},
   INSTITUTION = {University of Hawaii, Department of Information and Computer Sciences},
   NUMBER = {CSDL-TR-92-10},
   TITLE = {Reverse Engineering Collaboration Structures in Usenet},
   YEAR = {1992}
}

@TECHREPORT{csdl-91-02,
   AUTHOR = {Philip Johnson and Dadong Wan and Danu Tjahjono},
   INSTITUTION = {University of Hawaii Department of Information and Computer Sciences},
   MONTH = {jul},
   NUMBER = {91-02},
   TITLE = {{EGRET} Design Specification: Version 2.0},
   TYPE = {CSDL Technical Report},
   YEAR = 1992
}

@INPROCEEDINGS{csdl-91-03,
   AUTHOR = {Philip Johnson},
   BOOKTITLE = {Proceedings of the 1991 ECSCW Developer's Workshop},
   MONTH = {Sep},
   NOTE = {Also published as Technical Report CSDL-91-03, University of Hawaii Department of Information and Computer Sciences.},
   TITLE = {The {EGRET} Project: Exploring Open, Evolutionary, and Emergent Collaborative Systems},
   YEAR = 1991
}

@INPROCEEDINGS{csdl-92-01,
   AUTHOR = {Philip Johnson},
   BOOKTITLE = {Proceedings of the 1992 Conference on Computer Supported Cooperative Work},
   MONTH = {Nov},
   NOTE = {Also published as Technical Report CSDL-92-01, University of Hawaii Department of Information and Computer Sciences.},
   TITLE = {Supporting Exploratory {CSCW} with the {EGRET} Framework},
   YEAR = 1992
}

@TECHREPORT{csdl-92-02,
   AUTHOR = {Danu Tjahjono},
   INSTITUTION = {University of Hawaii Department of Information and Computer Sciences},
   NUMBER = {92-02},
   TITLE = {Co2ReView: A Collaborative Code Inspection and Review Environment},
   TYPE = {CSDL Technical Report},
   YEAR = 1992
}

@INPROCEEDINGS{csdl-92-03,
   AUTHOR = {Dadong Wan and Philip Johnson},
   BOOKTITLE = {Proceedings of the 1992 AAAI Workshop on Communicating Scientific and Technical Knowledge},
   MONTH = {jul},
   NOTE = {Also published as Technical Report CSDL-92-03, University of Hawaii Department of Information and Computer Sciences.},
   TITLE = {Supporting Scientific Learning and Research Review Using {COREVIEW}},
   YEAR = 1992
}

@INPROCEEDINGS{csdl-92-04,
   AUTHOR = {Philip Johnson},
   BOOKTITLE = {Proceedings of the AAAI 1992 Workshop on Design Rationale},
   MONTH = {jul},
   NOTE = {Also published as Technical Report CSDL-92-04, University of Hawaii Department of Information and Computer Sciences.},
   TITLE = {Collaborative Software Review for Capturing Design Rationale},
   YEAR = 1992
}

@TECHREPORT{csdl-92-05,
   AUTHOR = {Dadong Wan},
   INSTITUTION = {University of Hawaii Department of Information and Computer Sciences},
   NUMBER = {92-05},
   TITLE = {Supporting Collaborative Learning Through Research Reviews},
   TYPE = {CSDL Technical Report},
   YEAR = 1992
}

@TECHREPORT{csdl-92-06,
   AUTHOR = {Dadong Wan},
   INSTITUTION = {University of Hawaii Department of Information and Computer Sciences},
   NUMBER = {92-06},
   TITLE = {{COREVIEW}: A Tool for Supporting Collaborative Learning in Seminars},
   TYPE = {CSDL Technical Report},
   YEAR = 1992
}

@INPROCEEDINGS{csdl-92-07,
   AUTHOR = {Philip Johnson and Danu Tjahjono},
   BOOKTITLE = {European Conference on Computer Supported Cooperative Work},
   NOTE = {(Submission under review.)},
   TITLE = {Improving Software Quality through Computer Supported Collaborative Review},
   YEAR = 1993
}

@INPROCEEDINGS{csdl-92-08,
   AUTHOR = {Philip Johnson},
   BOOKTITLE = {Proceedings of the 1992 CSCW Workshop on Tools and Technologies},
   MONTH = {Nov},
   TITLE = {An Architectural Perspective on {EGRET}},
   YEAR = 1992
}
