@string{iid="~\emph{i.i.d.}~"}
@string{jan="January"}
@string{feb="February"}
@string{mar="March"}
@string{apr="April"}
@string{may="May"}
@string{jun="June"}
@string{jul="July"}
@string{aug="August"}
@string{sep="September"}
@string{oct="October"}
@string{nov="November"}
@string{dec="December"}
@string{focs="Annual Symposium on Foundations of Computer Sciece"}
@string{focsi="{\it Annual Symposium on Foundations of Computer Science}"}
@string{itt = "IEEE Transactions on Information Theory"}
@string{isit= "Proceedings of IEEE Symposium on Information Theory"}
@string{jssc= "Journal of Statistics Computation and Simulation"}
@string{jspi= "Journal of Statistical Planning and Inference"}
@string{pit= "Problems of Information Transmission"}
@string{isfcs="IEEE Symposium on Foundations of Computer Science"}
@string{amm="American Mathematical Monthly"}
@string{pccs="Proceedings of Compression and Complexity of Sequences"}
@string{paclthirtyfour="Proceedings of the Thirty-Fourth Annual Meeting of the Association for Computational Linguistics"}
@string{jcss="Journal of Computer and System Sciences"}
@string{pclthree="Proceedings of the Third Annual Workshop on Computational learning"}
@string{pcltwelve="Proceedings of the Twelfth Annual Conference on Computational Learning Theory"}
@string{pclthirteen="Proceedings of the Thirteenth Annual Conference on Computational Learning Theory"}
@string{ch="Computers and Humanities"}
@string{rdir="Research and Development in Information Retrieval"}
@string{ajmms="American Journal of Mathematical and Management Sciences"}
@string{sc="Statistics and Computing"}
@string{piassp="Proceedings of the IEEE Conference on Acoustics, Speech and Signal Processing"}
@string{ppr="Proceedings of the Workshop on Pattern Recognition in Practice, Amsterdam, The Netherlands, North-Holland"}
@string{itassp="IEEE Transactions on Acoustics, Speech and Signal Processing"}
@string{bio="Biometrika"}
@string{dcc="Proceedings of the Data Compression Conference"}
@string{all="Annual Allerton Conference on Communication, Control, and Computing"}
@string{ettrt= "European Transactions on Telecommunications and Related Technologies"}
@string{mf="Mathematical Finance"}
@string{plms="Proceedings of London Mathematics Society"}
@string{jram="Journal f{\"u}r die reine und angewandte Mathematik"}
@string{dmj="Duke Mathematical Journal"}
@string{ams="Annals of Mathematical Statistics"}
@string{as="Annals of Statistics"}
@string{jasa="Journal of the American Statistical Association"}
@string{sjsta="Scandanavian Journal of Statistics: Theory and Applications"}
@string{cjpb="Czechoslovak Journal of Physics, Ser. B"}
@string{jae="Journal of Animal Ecology"}
@string{ste="Proceedings of the Steklov Institute of Mathematics"}
@string{fivesit="Proceedings of the 5th Symposium on Information Theory"}
@string{jrss="Journal of the Royal Statistical Society. Series B (Methodological)"}
@string{as="Annals of Statistics"}
@string{bssp3="Proceedings of the 3rd Berkeley Symposium on Statistics and Probability"}
@string{aap="Advances in Applied Mathematics"}
@string{jcp="Journal of Chemical Physics"}
@string{proc="Proceedings of the"}
@string{proci="{\it Proceedings of the}"}
@string{all40="Proceedings of the 40th Allerton Conference on Communication, Control, and Computing"}
@string{mathworld="{F}rom {M}athWorld---{A} {W}olfram {W}eb {R}esource"}
@string{colt="{C}onference on {L}earning {T}heory"}
@string{itw="Information Theory Workshop"}


@Book{Gol04,
  author =		 {O. Goldreich},
  title = 		 {Foundations of cryptography, Vol 2},
  publisher = 	 {Cambridge University Press},
  year = 		 2004
}

@Book{CMB02,
  author =		 {I. Cox and M. Miller and J. Bloom},
  title = 		 {Digital watermarking},
  publisher = 	 {Morgan-Kaufmann},
  year = 		 2002
}



@Book{KP00,
  editor =		 {S. Katzenbeisser and F. Petitcolas },
  title = 		 {Information hiding techniques for steganography and digital watermarking},
  publisher = 	 {Artech House},
  year = 		 2000
}


@Book{JDJ00,
  author =		 {N. Johnson and Z. Duric and S. Jagodia},
  title = 		 {Information hiding: steganography and watermarking},
  publisher = 	 {Kluwer},
  year = 		 2000
}

@article{ZZZ07,
 author = {Fan Zhang and Xinhong Zhang and Hongbin Zhang},
 title = {Digital image watermarking capacity and detection error rate},
 journal = {Pattern Recogn. Lett.},
 volume = {28},
 number = {1},
 year = {2007},
 issn = {0167-8655},
 pages = {1--10},
 doi = {http://dx.doi.org/10.1016/j.patrec.2006.04.020},
 publisher = {Elsevier Science Inc.},
 address = {New York, NY, USA},
 }


@article{Mou01,
 author = {Pierre Moulin},
 title = {The role of information theory in watermarking and its application to image watermarking},
 journal = {Signal Process.},
 volume = {81},
 number = {6},
 year = {2001},
 issn = {0165-1684},
 pages = {1121--1139},
 doi = {http://dx.doi.org/10.1016/S0165-1684(01)00037-8},
 publisher = {Elsevier North-Holland, Inc.},
 address = {Amsterdam, The Netherlands, The Netherlands},
 }



@inproceedings{KTW07,
  author = {Michael Kearns and Jinsong Tan and Jennifer Wortman},
  booktitle = {NIPS},
  editor = {John C. Platt and Daphne Koller and Yoram Singer and Sam T. Roweis},
  publisher = {MIT Press},
  title = {Privacy-Preserving Belief Propagation and Sampling.},
  year = 2007,
  date = {2009-01-20}
}

@Article{NBS04,
  author = 		 {I. Nemenman and W. Bialek and R. Steveninck},
  title = 		 {Entropy and information in neural spike trains: progress on the sampling problem},
  journal = 	 {Physical Review E},
  year = 		 2004,
  volume = 	 69}


@Article{AK01,
  author = 		 {A. Antos and I. Kontoyiannis},
  title = 		 {Convergence properties of functional estimates for discrete distributions},
  journal = 	 {Random structures and algorithms},
  year = 		 2001,
  volume = 	 19,
  pages = 	 {163--193}}

@Article{ES81,
  author = 		 {B. Efron and C. Stein},
  title = 		 {The jackknife estimate of variance},
  journal = 	 {Annals of Statistics},
  year = 		 1981,
  volume = 	 9,
  pages = 	 {586--596}}

@Article{CT06,
  author = 		 {I. Csiszar and Z. Talata},
  title = 		 {Context tree estimation for not necessarily finite memory processes, via BIC and MDL},
  journal = 	 {IEEE Transactions on Information theory},
  year = 		 2006,
  volume = 	 52,
  number = 	 3,
  month = 	 {Mar}}

@Article{Dob63,
  author = 		 {R.L. Dobrushin},
  title = 		 {General formulation of Shannon's main theorem in information theory},
  journal = 	 {Amer. Math. Soc. Trans},
  year = 		 1963,
  volume = 	 33,
  pages = 	 {323--438}}

@Article{VH94,
  author = 		 {S. Verdu and T. Han},
  title = 		 {A general formula for channel capacity},
  journal = 	 {IEEE Transactions on Information Theory},
  year = 		 1994,
  volume = 	 40,
  number = 	 4,
  month = 	 {Jul}}

@Article{KJW06,
  author = 		 {W. Kumwilaisak and C.C. Jay-Kuo and D. Wu},
  title = 		 {Optimal variable length Markov chain modeling of fading channels},
  journal = 	 {IEEE Transactions of Communications },
  year = 		 2006}

@InProceedings{MS91,
  author = 		 {S. Morgera and F. Simard},
  title = 		 {Parameter estimation for a burst noise channel},
  booktitle = {ICASSP},
  year = 	 1991}

@InProceedings{ZRM95,
  author = 		 {M. Zorzi and R. Rao and L. Milstein},
  title = 		 {On the accuracy of a first-order Markov Model for data transmission on fading channels},
  booktitle = {Proc. IEEE ICUPC},
  year = 	 1995}

@Article{WM94,
  author = 		 {H. Wang and N. Moayeri},
  title = 		 {Finite state Markov channel},
  journal = 	 {IEEE Trans. Veh. Techol. },
  year = 		 1995,
  volume = 	 44,
  number = 	 1,
  pages = 	 {163--171},
  month = 	 {Feb}}

@Article{VKAL08,
  author = 		 {P. Vontobel and A. Kavcic and D. Arnold and H. Loeliger},
  title = 		 {A generalization of the Blahut Arimoto algorithm to finite state channels},
  journal = 	 {IEEE Transactions on Information Theory},
  year = 		 2008,
  volume = 	 54,
  number = 	 5,
  month = 	 {May}}

@PhdThesis{Pfi,
  author = 		 {H. Pfister},
  title = 		 {The capacity of finite state channels},
  school = 		 {University of California, San Diego},
  year = 		 2003}

@Article{AKKLV00,
  author = 		 {D. Arnold and A. Kavcic and R. Koetter and H. Loeliger and P. Vontobel},
  title = 		 {The binary jitter channel: a new model for magnetic recording},
  journal = 	 {ISIT},
  year = 		 2000,
}

@Article{KP99,
  author = 		 {A. Kavcic and A. Patapoutian},
  title = 		 {A signal dependent autoregressive channel model},
  journal = 	 {IEEE Trans. Magn.},
  year = 		 1999,
  volume = 	 35,
  number = 	 5,
  pages = 	 {2316--2318},
  month = 	 {Sep}}

@Book{Pro,
  author = 	 {J. Proakis},
  title = 		 {Digital Communications},
  publisher = 	 {McGraw-Hill},
  year = 		 2000,
  address = 	 {New York}}

@Article{GV96,
  author = 		 {A. Goldsmith and P. Varaiya},
  title = 		 {Capacity, mutual information and coding for finite state Markov channels},
  journal = 	 {IEEE Transactions on Information Theory},
  year = 		 1996,
  volume = 	 42,
  number = 	 3,
  pages = 	 {868--886},
  month = 	 {May}}

@Article{Ell63,
  author = 		 {E. Elliot},
  title = 		 {Estimates of error rates for codes on burst-noise channels},
  journal = 	 {Bell Systems Technical Journal},
  year = 		 1963,
  volume = 	 42}

@Article{Gil60,
  author = 		 {E. Gilbert},
  title = 		 {Capacity of a burst noise channel},
  journal = 	 {Bell Systems Technical Journal},
  year = 		 1960,
  volume = 	 39,
  number = 	 {1253--1266}}

@Article{PE23,
  author = 		 {G. Plya and F. Eggenberger},
  title = 		 {Uber die Statistik Verketteter Vorgange},
  journal = 	 {Z. Angew Math Mech},
  year = 		 1923,
  volume = 	 3}

@Article{ZW88,
  author = 		 {E. Zehavi and J. Wolf},
  title = 		 {On runlength codes},
  journal = 	 {IEEE Transactions on Information theory},
  year = 		 1988,
  volume = 	 34,
  number = 	 1,
  pages = 	 {45--54},
  month = 	 {Jan}}

@Article{FH94,
  author = 		 {J. Fessler and A. Hero},
  title = 		 {Space-alternating generalized expectation-maximization algorithm},
  journal = 	 {IEEE Transactions on Signal Processing},
  year = 		 1994,
  volume = 	 42,
  number = 	 10,
  pages = 	 {2664--2677},
  month = 	 {Oct}}

@Article{ACCFR07,
  author = 		 {A. Anastasopoulos and K. Chugg and G. Colavolpe and G. Ferrari and R. Raheli},
  title = 		 {Iterative detection for channels with memory},
  journal = 	 {Proceedings of the IEEE},
  year = 		 2007,
  volume = 	 95,
  number = 	 6,
  month = 	 jun,
}

@Misc{Sto:pc,
  author = 	 {Vladmir Stojanovic},
  title = 	 {Personal communication},
  month = 	 {Feb},
  year = 	 2009}

@Misc{SA,
  author = 	 {N.P. Santhanam and V. Anantharam },
  title = 	 {What risks lead to ruin},
  howpublished = {Under preparation. Final draft available on arXiv under given title},
}

@Misc{Don00,
  author = 	 {D. Donoho},
  title = 		 {Aide-Memoire, High dimensional Data Analysis: The curses and blessings of dimensionality},
  howpublished = {Lecture at the AMS Mathematical Challenges for the Twenty-first Century},
  month = 	 {Aug 8},
  year = 	 2000,
  note = 	 {Commemorated the 100th anniversary of Hilbert's
                  lecture at the International Congress of
                  Mathematicians outlining 23 problem areas that
                  attracted a lot of attention over the next century},
}


@InProceedings{SDM09:itw,
  author = 		 {N. Santhanam and J. Dingel and O. Milenkovic},
  title = 		 {On modeling gene regulatory networks using Markov random fields},
  booktitle =	 itw,
  year =		 2009,
  address =		 {Volos, Greece},
  month =		 {June}
}

@Article{Qin03,
  author = 		 {Z. Qin and L. McCue and W. Thompson and L. Mayerhofer and C. Lawrence and J. Liu},
  title = 		 {Identification of co-regulated genes through Bayesian clustering of predicted regulatory binding sites},
  journal = 	 {Nature Biotechnology},
  year = 		 {2003},
  OPTvolume = 	 {21},
  OPTnumber = 	 {4},
  OPTpages = 	 {435-439},
  OPTmonth = 	 {Apr},
  OPTnote = 	 {Published online on 10 Mar 2003; doi: 10.1038/nbt802},
  OPTannote = 	 {}
}

@Article{ gardner_EcoliNet,
   month = "July",
   issn = "1095-9203",
   volume = "301",
   year = "2003",
   pages = "102--5",
   title = "Inferring genetic networks and identifying compound mode of action via expression profiling.",
   journal = "Science",
   affiliation = "Center for BioDynamics and Department of Biomedical Engineering, Boston University, 44 Cummington Street, Boston, MA 02215, USA.",
   author = "Timothy S Gardner and Diego di Bernardo and David Lorenz and James J Collins",
   number = "5629"
}

@Article{ RegulonDB,
        author = "Socorro Gama-Castro and Ver{\'o}nica
Jim{\'e}nez-Jacinto and Mart{\'i}n Peralta-Gil and Alberto
Santos-Zavaleta and M{\'o}nica I Pe{\~n}aloza-
Spinola and {et al.}",
        title = "RegulonDB (version 6.0): gene regulation model of
\textit{{E}scherichia coli} K-12 beyond transcription, active
(experimental) annotated promot
ers and Textpresso navigation.",
        journal = "Nucleic Acids Res",
        year = "2008",
        volume = "36",
        pages = "D120--4",
        number = "Database issue",
        month = "Jan",
        affiliation = "Program of Computational Genomics, Centro de
Ciencias Gen{\'o}micas, Universidad Nacional Aut{\'o}noma de M{\'e}xico,
A.P. 565-A, Cuernav
aca, Morelos 62100, Mexico.",
        issn = "1362-4962"
}

@Article{ EcoCyc,
        author = " I.M. Keseler and C. Bonavides-Martinez and J.
Collado-Vides and {et al.}",
        title = "EcoCyc: A comprehensive view of \textit{Escherichia
coli} biology",
        journal = "Nucleic Acids Res",
        year = "2009",
        volume = "37",
        pages = "D464-D470",
        number = "Database issue"
}


@article{CS04,
  author ={I. Csiszar and P. Shields},
  title= {Information theory and statistics: a tutorial},
  journal={Foundations and Trends in Communications and Information Theory},
  volume = 1,
  number= 4,
  year= 2004,
  pages ={417-528},
}

@article{Isi25,
  author = {E Ising} ,
  year = 1925,
  title = "Beitrag zur Theorie des Ferromagnetismus",
  journal= {Z Physik},
  volume= 31,
  pages = {253-258},
}
@article{LD93,
  author = {Y. Liu and J. Dilger },
  year =1993,
  title ={Application of the one- and two-dimensional Ising models to studies of cooperativity between ion channels},
  journal= {Biophys J },
  volumee =64,
  pages ={26-35 },
}

@InProceedings{IPP96,
  author = 		 {A Irback and C Peterson and F Potthast F },
  title = 		 {Evidence for nonrandom hydrophobicity structures in protein chains},
  booktitle =	 {Proc Natl Acad Sci},
  pages =		 {9533-9538},
  year =		 1996,
  volume =		 93
}

@Article{ARB98,
  author = 		 {A Ahsan and J Rudnick and R Bruinsma},
  title = 		 {Elasticity theory of the B-DNA to S-DNA transition},
  journal = 	 {Biophys J},
  year = 		 98,
  volume =		 74,
  pages =		 {132-137}
}

@Book{Kau93,
  author =		 {S. Kauffman},
  title = 		 {The origins of order},
  publisher = {Oxford University Press},
  year = 		 1993
}

@Article{Gib03,
  author = 		 {G. Gibson},
  title = 		 {Microarray Analysis},
  journal = 	 {PLoS. Biol},
  year = 		 2003,
  volume =		 1,
  number =		 1
}

@InProceedings{SMV09:itw,
  author = 		 {N. Santhanam and O. Milenkovic and B. Vasic },
  title = 		 {Information theoretic modeling of gene interactions},
  booktitle =	 itw,
  year =		 2009,
  address =		 {Volos, Greece}
}

@InProceedings{FMS09:isit,
  author = 		 {F. Farnoud and O. Milenkovic and N. Santhanam},
  title = 		 {Small Sample Distribution Estimation over Sticky Channels},
  booktitle =	 isit,
  year =		 2009,
  address =		 {Seoul, South Korea}
}



@Unpublished{Gal76,
  author = 		 {R. Gallager},
  title = 		 {Source coding with side information and universal coding},
  note = 		 {Unpublished manuscript},
  month = 	 {Sep},
  year = 	 1976}

@Article{DKZHGBM03,
  author = 		 {P. Djuric and J. Kotecha and J. Zhang and Y. Huang and T. Ghirmai and M. Bugallo and J. Miguez },
  title = 		 {Particle filtering},
  journal = 	 {IEEE Signal processing magazin},
  year = 		 2003,
  pages =		 {19--38},
  month =		 sep
}

@Book{Seb82,
  author =		 {G. Seber},
  title = 		 {The estimation of animal abundance and related parameters},
  publisher = 	 {Charles},
  year = 		 1982,
  edition =		 2
}



@InBook{GG92,
  editor =		 {Gordon and Gordon},
  title = 		 {MAA Notes Number 26},
  chapter = 	 {Statistics for the Twenty-First Century},
  publisher = 	 {The Mathematical Association of America, },
  year = 		 1992
}

@Article{Val84,
  author = 		 {L.G. Valiant},
  title = 		 {A Theory of the learnable},
  journal = 	 {Communications of the ACM},
  year = 		 1984,
  volume =		 27,
  number =		 11,
  pages =		 {1134--1142}
}

@article{FS97,
author = {Y. Freund and R. Schapire},
title = {A decision theoretic generalization of online learning and application to boosting},
journal = {Journal of Computer and System Sciences},
volume =55,
number=1,
pages= {119--139},
year = 1997
}

@inproceedings{Bre96,
author = {Leo Breiman and Leo Breiman},
title =  {Bagging predictors},
booktitle = {Machine Learning},
year = 1996,
pages = {123--140} }


@Article{Rya79,
  author = 		 {B. Ryabko},
  title = 		 {Encoding a source with unknown but ordered probabilities},
  journal = 	 {Problems of Information Transmission},
  year = 		 1979,
  pages = 	 {134--138},
  month = 	 {Oct}}

@Article{DL80,
  author = 		 {L. Davisson and A. Leon-Garcia},
  title = 		 {A source matching approach to finding minimax codes},
  journal = 	 {IEEE Transactions on Information Theory},
  year = 		 1980,
  volume = 	 26,
  number = 	 2,
  pages = 	 {166-174},
  month = 	 {Mar},
  note = 	 1980}

@Book{CM98,
  author =		 {V. Cherkassky and F. Mulier },
  title = 		 {Learning from data },
  publisher = 	 {Wiley-Interscience},
  year = 		 1998
}


@Book{Bis06,
  author = {C.M. Bishop},
  title = {Pattern Recognition and Machine Learning},
  publisher = {Springer},
  year = 2006
}

@Book{Bis95,
  author =		 {C.M. Bishop},
  title = 		 {Neural Networks for Pattern Recognition},
  publisher = 	 {Oxford University Press},
  year = 		 1995,
  address =		 {Oxford, New York}
}

@Article{Ris86,
  author = 		 {J. Rissanen},
  title = 		 {Stochastic complexity and modeling. },
  journal = 	 {Annals of Statistics},
  year = 		 1986,
  number =		 14,
  pages =		 {1080--1100}
}

@Article{Pea78,
  author = 		 {J.P. Pearl},
  title = 		 {On the connection between the complexity and credibility of inferred models},
  journal = 	 {International Journal of General Systems},
  year = 		 1978,
  volume =		 4,
  pages =		 {255--264}
}

@Article{WST96:fs,
  author = 		 {F.M.J. Willems and Y.M. Shtarkov and Tj.J. Tjalkens},
  title = 		 {Context Weighting for General Finite Context Sources},
  journal = 	 itt,
  year = 		 1996,
  pages =		 {1514--1520},
  month =		 {Sep}
}

@ARTICLE{Wil98,
    author = {Frans M. J. Willems},
    title = {The context-tree weighting method: Extensions},
    journal = {IEEE Transactions on Information Theory},
    year = 1998,
    volume = 44,
    pages = {792--798}
}

@Article{Cra69,
author = {H. Cramer},
title = {Historical Review of Filip Lundberg's Work on Risk Theory},
journal = {Skandinavisk Aktuarietidskrift (Suppl.)},
year = 1969,
volume =		 52,
pages =			 {6--12},
note =			 {Reprinted in The Collected Works of Harald Cramér edited by Anders Martin-Löf, 2 volumes Springer 1994.} }




@InBook{EM01,
  author =		 {K. Englund and A. Martin-Löf },
  title = 		 {Statisticians of the Centuries},
  chapter = 	 {Ernst Filip Oskar Lundberg},
  publisher = 	 {New York: Springer},
  year = 		 2001,
  pages =		 {308--311}
}


@InProceedings{Odl99,
  author = 		 {A. M. Odlyzko},
  title = 		 {Paris metro pricing for the Internet},
  booktitle =	 {Proceedings of the ACM Conference on Electronic Commerce},
  pages =		 {140--147},
  year =		 1999
}



@Article{SS06,
  author = 		 {S. Shakkottai and R. Srikant},
  title = 		 {Economics of Network Pricing with Multiple ISPs},
  journal = 	 {IEEE/ACM Transactions on Networking},
  year = 		 2006,
  pages =		 {1233--1245},
  month =		 {Dec}
}

@InCollection{GT,
  author = 		 {D. Guo and T. Tanaka},
  title = 		 {Generic multiuser detection and statistical physics},
  booktitle = 	 {Advances in Multiuser Detection},
  publisher =	 {John Wiley and Sons, Inc.},
  editor =		 {M. Honig},
  note =		 {To appear}
}

@Book{MM,
  author =		 {M. Mezard and A. Montanari},
  title = 		 {Information, physics and computation},
  publisher = 	 {Draft of book in preparation},
  year = 		 2008,
  note =		 {Draft from \texttt{http://www.stanford.edu/~montanar/BOOK/book.html}}
}

@Article{Sourlas89,
  author = 		 {N. Sourlas},
  title = 		 {Spin glass models as error correcting codes},
  journal = 	 {Nature},
  year = 		 1989,
  volume =		 339,
  pages =		 {692--695},
  month =		 {June}
}


@InProceedings{SW08:isit,
  author = 		 {N.P. Santhanam and M.J. Wainwright},
  title = 	 {Information-theoretic limits of graphical model selection in high dimensions},
  booktitle = isit,
  year = 	 2008,
  month = 	 jul,
  note = {Full version in arXiv with the same title.}
}

@Misc{SW:arxiv,
  author = 	 {N.P. Santhanam and M.J. Wainwright},
  title ={Information theoretic limits of graphical model selection in high dimensions},
  howpublished ={Available from http://www.eecs.berkeley.edu/~prasadsn/index.html}
}



@InProceedings{WRL08,
  author = 		 {M.J. Wainwright and P. Ravikumar and J.D. Lafferty},
  title = 		 {High dimensional graphical model selection using l-1 regularized logistic regression},
  booktitle =	 nips,
  year =		 2006
}

@InProceedings{SW08:all,
  author = 		 {N.P. Santhanam and M.J. Wainwright},
  title = 	 {High dimensional Ising models},
  booktitle = all,
  year = 	 2008,
  month = 	 Sep,
  organization = {}
}

@InProceedings{DOSZ08,
  author = 	 {H. Das and A. Orlitsky and N.P. Santhanam and J. Zhang},
  title = 	 {Further results on relative redundancy},
  booktitle =isit,
  year =2008,
  month= jul,
}


@InProceedings{SW08,
  author = 		 {N.P. Santhanam and M.J. Wainwright},
  title = 	 {Information-theoretic limits of graphical model selection in high dimensions},
  booktitle = isit,
  year = 	 2008,
  month = 	 jul,
  organization = {}
}



@Article{anon04,
  author = 		 {Authors},
  title = 		 {Series of publications supressed for anonymity---we will be happy to provide them in our response to reviews if necessary.},
  journal = 	 {Transactions on Information Theory, FOCS, Science, Theoretical Computer Science},
  year = 		 {2003-2006}
}

@InProceedings{Joa98,
  author = 		 {T. Joachim},
  title = 		 {Text Categorization with Support Vector Machines: Learning with Many Relevant Features},
  booktitle =	 {Proceedings of the European Conference on Machine Learning (ECML)},
  year =		 1998,
  publisher =	 {Springer}
}

@InProceedings{Dum98,
  author = 		 {S.T. Dumais},
  title = 		 {Using SVMs for text categorization},
  booktitle =	 {IEEE Intelligent Systems Magazine, Trends and Controversies},
  year =		 1998,
  editor =		 {Marti Hearst},
  volume =		 13,
  number =		 4
}

@Misc{SW08:ita,
  author = 	 {N.P. Santhanam and M.J. Wainwright},
  title = 	 {Learning sparse graphical models},
  howpublished = {Information theory and Applications, 2008}
}


@Misc{OSV,
  author = 	 {A. Orlitsky and N.P. Santhanam and K. Viswanathan},
  title = 	 {Support size statistics},
  howpublished = {In preparation}
}




@InProceedings{OSZ07,
  author = {A. Orlitsky and N.P. Santhanam and J. Zhang},
  title = 		 {Reflections on universal compression of memoryless sources},
  year = 		 2007,
  booktitle = {Information theory newsletter}
}

@Article{JSV01,
  author = 		 {M. Jerrum and A.Sinclair and Vigoda},
  title = 		 {A polynomial-time approximation algorithm for the permanent of a matrix with non-negative entries},
  journal = 	 {Theory of computing},
  year = 		 2001,
  pages = 	 {712-721}
}


@article{Val79,
  author={L.G.Valiant},
  title={The complexity of computing the permanent},
  journal={Theoretical Computer Science},
  year=1979,
  volume=8,
  pages={189-201}}

@Unpublished{datasets:web,
  author = 		 {Ana Cardoso-Cachopo},
  title = 		 {Datasets for single-label text categorization},
  note = 		 {From: \texttt{http://web.ist.utl.pt/~acardoso/datasets/}},
  year= {Link working as of Feb 8 2008}
}


   @unpublished{libbow:web,
      author = "Andrew Kachites McCallum",
      title = "Bow: A toolkit for statistical language modeling,
               text retrieval, classification and clustering",
      note = "\texttt{http://www.cs.cmu.edu/~mccallum/bow}",
      year = 1996}


@InProceedings{S07,
  author = 		 {N.P. Santhanam and A. Orlitsky and K. Viswanathan},
  title = 		 {New tricks for old dogs: Large alphabet probability estimation},
  booktitle = {Information Theory Workshop (invited)},
  year = 	 2007,
  month= sep,
  address = 	 {Lake Tahoe, CA}
}



@InProceedings{OSV07,
  author = 		 {A. Orlitsky and N.P. Santhanam and K. Viswanathan},
  title = 		 {Population estimation with performance guarantees},
  booktitle = isit,
  year = 	 2007
}


@PhdThesis{S06:thesis,
  author = 		 {Narayana Santhanam},
  title = 		 {Probability estimation and compression involving large alphabets},
  school = 		 {University of California, San Diego},
  year = 		 2006,
}

@book{CLRS,
  author ={T.H. Cormen and C.E. Leiserson and R.L. Rivest and C. Stein},
  title ={Introduction to algorithms},
  publisher ={MIT Press; 2nd edition},
  year = 2001,
}

@Book{Eng78,
  author =               {S. Engen},
  title =                {Stochastic abundance models},
  publisher =    {Chapman and Hall},
  year =                 1978,
}


@article{OSVZ04:lim,
  author =       {A. Orlitsky and N.P. Santhanam and K. Viswanathan and J. Zhang},
  title =        {Limit results on pattern entropy},
  year = 2006,
  journal = itt,
  month = jul,
}

@inproceedings{Os05:all,
  author = {A. Orlitsky and N.P. Santhanam},
  title = 		 {On the redundancy of Gaussian distributions},
  year = 		 2005,
  booktitle = proc # " 42nd " # all
}

@InProceedings{MS05,
  author = 	 {D. Modha and N.P. Santhanam},
  title = 	 {Making the correct mistakes},
  booktitle = dcc,
  year =2006,
}

@Inproceedings{MS06,
  author = 	 {D. Modha and N.P. Santhanam},
  title = 	 {Making the correct mistakes},
  booktitle = dcc,
  year = 2006,
}

@Proceedings{workshop,
  title = 		 {Workshop on clustering high dimensional data and its applications},
  year = 		 2004,
  address = 	 {Lake Buena Vista, Florida},
  month = 	 {April},
  note = 	 {Held in conjuction with Fourth SIAM International conference on data mining },
}

@Article{BASH05,
  author = 		 {H. Bensmail and B. Aruna and O.J. Semmes and A. Haoudi},
  title = 		 {Functional clustering algorithm for high-dimensional proteomics data},
  journal = 	 {J. Biomed. Biotechnol.},
  year = 		 2005,
  volume = 	 {v2005},
  number = 	 2,
  pages = 	 {80---86},
}

@misc{DO,
author={A. Dhulipala and A. Orlitsky},
title={Experiments with text},
howpublished={In preparation},
}



@InProceedings{KJ97,
  author = 		 {O. Kelly and D. Johnson},
  title = 		 {Adaptive channel equalization using context trees},
  booktitle = {ICASSP},
  pages = 	 {1948--1952},
  year = 	 1997,
  volume = 	 3,
  address = 	 {Munich, Germany},
  month = 	 {Apr}}

@misc{BBT04,
author={C. Budianu and S. Ben-David and L. Tong},
title={Estimation of the Number of Operating Sensors in Large-Scale Sensor Networks},
howpublished={Submitted for publication, IEEE Transactions on Signal Processing},
year=2004,
}

@article{YZ99,
author={E. Yang and Z. Zhang},
title={Redundancy of lossy source coding with abstract alphabets},
journal=itt,
year =1999,
volume=45,
number=4,
}

@article{Ber68,
author={T. Berger},
title={Rate distortion theory for sources with abstract alphabets and memory},
journal={Information and Control},
volume=13,
year=1968,
}

@article{Wyn68,
author={A.D. Wyner},
title={Communication of analog data from a Gaussian source over a noisy channel},
  journal = 	 {Bell Systems Technical Journal},
year=1968,
volume=19,
}


@article{Wyn72,
author = {A. Wyner},
title ={On the transmission of correlated Gaussian data over a noisy channel with finite encoding block length},
journal={Information and Control},
volume=20,
year=1972,
}


@inproceedings{OSVZ05:inn,
  author = {A. Orlitsky and N.P. Santhanam and K. Viswanathan and J. Zhang},
  title = {Innovation and pattern entropy of stationary processes},
  booktitle={Proceedings of the IEEE Symposium on Information Theory},
  year =2005,
}

@inproceedings{GW05:inn,
  author = {G. Gemelos and T. Weissman},
  title = {On the relationship between process and pattern entropy rate},
  booktitle={Proceedings of the IEEE Symposium on Information Theory},
  year =2005,
}

@inproceedings{Sha05:itw,
  author = {G. Shamir},
  title = {Bounds on the entropy of patterns of iid sequences},
  booktitle={IEEE Information Theory Workshop},
  year=2005,
}


@inproceedings{OSVZ05,
  author = {A. Orlitsky and N.P. Santhanam and K. Viswanathan and J. Zhang},
  title = {Innovation and pattern entropy of stationary processes},
  booktitle={Proceedings of the IEEE Symposium on Information Theory},
  year =2005,
}
@inproceedings{OSVZ05:cnv,
  author = {A. Orlitsky and N.P. Santhanam and K. Viswanathan and J. Zhang},
  title = {Convergence of profile based estimators},
  booktitle={Proceedings of the IEEE Symposium on Information Theory},
  year =2005,
}

@inproceedings{isit05,
  author = {A. Orlitsky and N.P. Santhanam and K. Viswanathan and J. Zhang},
  title = {Convergence of profile based estimators},
  booktitle={Proceedings of the IEEE Symposium on Information Theory},
  year =2005,
}

@inproceedings{GW05,
  author = {G. Gemelos and T. Weissman},
  title = {On the relationship between process and pattern entropy rate},
  booktitle={Proceedings of the IEEE Symposium on Information Theory},
  year =2005,
}

@inproceedings{BDKR02,
  author =       {T. Batu and S. Dasgupta and R. Kumar and R. Rubinfeld},
  title =        {The complexity of approximating the entropy},
  booktitle = {Proceedings of the 34th Annual Symposium of the Theory of Computing},
  year =         2002,
  month =        {Mar},
}

@Article{Pan04,
  author = 		 {L. Paninski},
  title = 		 {Estimating entropy of $m$ bins given fewer than $m$ samples},
  journal = 	 itt,
  year = 		 2004,
  volume = 	 50,
  number = 	 9,
  pages = 	 {2200---2203},
  month = 	 sep,
}

@Article{SKRB98,
  author = 		 {S.P. Stron and R. Koberle and R.R. de Ruyter van Steveninck and W. Bialek},
  title = 		 {Entropy and information in neural spike trains},
  journal = 	 {Physics Review Letters},
  year = 		 1998,
  volume = 	 80,
  pages = 	 {197---200},
}

@Article{WW95,
  author = 		 {D. Wolpert and D.R. Wolf},
  title = 		 {Estimating functions of probability distributions from a finite set of samples. Part I. Bayes estimators and Shannon entropy},
  journal = 	 {Physical Review E},
  year = 		 1995,
  volume = 	 52,
  number=6,
  pages = 	 {6841---6854},
}

@Article{Ma81,
  author = 		 {S.-K. Ma},
  title = 		 {Calculation of entropy from data of motion},
  journal = 	 {Journal of Statistical Physics},
  year = 		 1981,
  volume = 	 26,
  number = 	 2,
  pages = 	 {221---240},
  }

@Article{Har75,
  author = 		 {B. Harris},
  title = 		 {The statistical estimation of entropy in the non-parametric case},
  journal = 	 {Colloquia Mathematical Societatis J{\'a}nos Bolyai},
  year = 		 1975,
  volume = 	 16,
  pages = 	 {323---355},
}

@misc{WF03,
author       = {A. Wyner and D. Foster},
title        = {On the lower limits of entropy estimation},
howpublished = { Submitted to IEEE Transactions on Information Theory}
}


@Book{AK02,
  author = 		 {A. Antos and I. Kontoiannis},
  title = 		 {Convergence properties of functional estimates of discrete distributions},
  year = 	 2002,
}

@article{SM99,
author={G. Shamir and N. Merhav},
title=" Low-Complexity Sequential Lossless Coding for Piecewise-Stationary Memoryless Sources",
journal=itt,
volume=45,
number=5,
month=jul,
year=1999,
}


@article{MNW98,
author={A. Moffat and R.M. Neal and I.H. Witten},
year=1998,
title={Arithmetic coding revisited},
journal="ACM Transactions on Information Systems",
volume=6,
number=3,
month=jul,
pages={256---294},
}

@article{WNC87,
author={I.H. Witten and R.M. Neal and J.G. Cleary},
year=1987,
title={Arithmetic coding for data compression},
journal={Communications of the ACM},
volume=30,
pages={520---540},
}


@article{BRY98,
author={A. Barron and J. Rissanen and B. Yu},
title={The minimum description length principle in coding and modeling},
journal=itt,
volume=44,
number=6,
pages={2743---2760},
month=oct,
year=1998,
}


@article{BRB98,
author={A. Barron and J. Rissanen and B. Yu},
title={The minimum description length principle in coding and modeling},
journal=itt,
volume=44,
number=6,
pages={2743---2760},
month=oct,
year=1998,
}



@article{CJ00,
author={C. Chelba and F. Jelinek},
title={Structured language modeling},
journal={Computer Speech and Language},
volume=14,
number=4,
pages={283---332},
month=oct,
year=2000,
}

@article{YZ01,
author={E.H. Yang and Z. Zhang},
title={The redundancy of source coding with a fidelity criterion--Part II: Coding at a fixed rate level with unknown statistics},
journal=itt,
volume=47,
number=1,
pages={126---145},
month=jan,
year=2001,
}

@article{XB97,
author={Q. Xie and A. Barron},
title={Minimax Redundancy for the Class of Memoryless Sources},
journal=itt,
volume=43,
number=2,
pages={647---657},
year=1997,
month=mar,
}

@Article{GN98,
  author = 		 {R.M. Gray and D.L. Neuhoff},
  title = 		 {Quantization},
  journal = 	 itt,
  year = 		 1998,
  volume = 	 {44},
  number = 	 6,
  pages = 	 {2325---2383},
  month = 	 oct,
}

@Article{BG98,
  author = 		 {T. Berger and J.D. Gibson},
  title = 		 {Lossy source coding},
  journal = 	 itt,
  year = 		 {1998},
  volume = 	 {44},
  number = 	 {6},
  pages = 	 {2693---2723},
  month = 	 oct,
}

@Article{EVKV02,
  author = 		 {M. Effros and K. Visweswariah and S.R. Kulkarni and S. Verd{\'u}},
  title = 		 {Universal lossless source coding with the {Burrows Wheeler} Transform},
  journal = 	 itt,
  year = 		 2002,
  volume = 	 48,
  number = 	 5,
  pages = 	 {1061---1081},
  month = 	 may,
}

@TechReport{GW04:tr,
  author = 		 {G. Gemelos and T. Weissman},
  title = 		 {On the entropy rate of pattern processes},
  institution =  {{HP} {L}abs},
  year = 		 2004,
  month = sep,
  number = 	 {{HPL}-2004-159},
}

@Misc{GW04:dcc,
  author = {G. Gemelos and T. Weissman},
  howpublished = {Submitted for publication, Data Compression Conference},
  month =        nov,
  year =	 2004,
}

@InProceedings{DM04,
  author = 		 {E. Drukh and Y. Mansour},
  title = 		 {Concentration bounds on unigrams language model},
  booktitle = {17th {A}nnual~}#colt,
  pages = 	 {170---185},
  year = 	 2004,
}

@InProceedings{S04,
  author = 		 {G. Shamir},
  title = 		 {Sequence Patterns, Entropy, and Infinite Alphabets},
  booktitle = proc# "~42nd~" #all,
  year = 	 2004,
  month =		 oct,
}

@InBook{McD,
  author = 	 {C. McDiarmid},
  title = 		 {Surveys in Combinatorics 1989},
  chapter = 	 {On the method of bounded differences},
  publisher = 	 {Cambridge University Press},
  year = 		 1989,
  pages = 	 {148---188},
}

@article{DV79,
  author = {D. Angluin and L.G. Valiant},
  title = {Fast probabilistic algorithms for Hamiltonian circuits and matchings},
  journal = {Journal of Computer and System Sciences},
  volume = 18,
  number = 2,
  pages = {155---193},
  year = 1979,
  month = apr,
}

@Article{Chu61,
  author = 		 {K.L. Chung},
  title = 		 {A note on the ergodic theorem of information theory},
  journal = 	 {Annals of Mathematical Statistics},
  year = 		 1961,
  volume = 	 32,
  pages = 	 {612---614},
}

@Article{Sha48,
  author = 		 {C.E. Shannon},
  title = 		 {A mathematical theory of communication},
  journal = 	 {Bell Systems Technical Journal},
  year = 		 1948,
  volume = 	 27,
  pages = 	 {379---423, 623---656},
}

@Book{Sta,
  author = 	 {R.P. Stanley},
  title = 		 {Enumerative Combinatorics},
  publisher = 	 {Cambridge University Press},
  year = 		 1997,
  edition = 	 1,
}

@Article{Pit97,
  author = 		 {B. Pittel},
  title = 		 {On a likely shape of the random {Ferrers} diagram},
  journal = 	 aap,
  year = 		 1997,
  volume = 	 18,
  pages = 	 {432---488},
}

@misc{OSSVZ04,
  author = {A. Orlitsky and Sajama and N.P. Santhanam and K. Viswanathan and J. Zhang},
  title = {Practical algorithms for modeling sparse data},
  howpublished = proc#"~2004~" #isit,
}

@Article{OV03,
  author =       {A. Orlitsky and K. Viswanathan},
  title =        {One-way communication and error-correcting codes},
  journal =      itt,
  year =         2003,
  volume =       49,
  number =       7,
  pages =        {1781---1788},
  month =        jul,
}

@Misc{OVZ02,
  author =       {A. Orlitsky and K. Viswanathan and J. Zhang},
  title =        {Stopping set distribution of LDPC code ensembles},
  howpublished =  "Submitted to~" #itt,
  year =         2002,
}

@Misc{DO04,
  author =       {A. K. Dhulipala and A. Orlitsky},
  title =        {Bounds on the redundancy of {HMM} patterns},
  howpublished = "Submitted to 2004~" #isit,
}

@InProceedings{OSZ04:rr,
  author = 	 {A. Orlitsky and N.P. Santhanam and J. Zhang},
  title = 	 {Relative redundancy: A more stringent performance guarantee for universal coding},
  booktitle = isit,
  year=2004,
}

@InProceedings{OSZ06:rr,
  author = 	 {A. Orlitsky and N.P. Santhanam and J. Zhang},
  title = 	 {Relative redundancy of large alphabets},
  booktitle = isit,
  year = 2006,
}

@InProceedings{SS03,
  author = 		 {G. Shamir and L. Song},
  title = 		 "On the entropy of patterns of"# iid# "sequences",
  booktitle = proc # "~41st~" #all,
  pages = 	 {160---170},
  year = 	 2003,
  month = 	 oct,
}

@Misc{OS02:pc,
  author = {A. Orlitsky and N.P. Santhanam},
  howpublished = {Personal communication with G. Shamir},
  year = 2002,
  month = oct,
}

@Misc{Sha03:personalcommunication,
  author = 	 {G. Shamir},
  howpublished = {Personal communication},
  year = 	 2003,
  month = oct,
}

@Misc{OSS03,
  author = 	 {A. Orlitsky and N.P. Santhanam},
  howpublished = {Personal communication with G. Shamir},
  year = {2003},
  month=sep,
}

@Misc{JOS04,
  author = 	 {N. Jevti\'c and A. Orlitsky and N.P. Santhanam},
  title = {A lower bound on compression of unknown alphabets},
  howpublished = {{T}heoretical {C}omputer {S}cience, Feb 2005},
}

@InProceedings{DOS03,
  author =       {A.K. Dhulipala and A. Orlitsky and Sajama},
  title =        {Recent results on compression of large alphabets},
  booktitle =    all,
  year =         2003,
  month =        oct,
}

@Article{KY00,
  author = 		 {J. Kieffer and E. Yang},
  title = 		 {Grammar based codes: {A} new class of universal lossless source codes},
  journal = 	 itt,
  year = 		 2000,
  volume = 	 46,
  number = 	 3,
  pages = 	 {737---754},
  month = 	 may,
}

@InProceedings{Fit72,
  author = 		 {B. Fittingoff},
  title = 		 {Universal methods of coding for the case of unknown statistics},
  booktitle = fivesit,
  year = 	 1972,
  pages ={129---135},
  publisher =	 {Moscow-Gorky},
}

@TechReport{FS94,
  author = 		 {P. Flajolet and R. Sedgewick},
  title = 		 {Average case analysis of algorithms: Saddle point asymptotics},
  institution =  {INRIA},
  year = 		 {1994},
  number = 	 {2376},
}

@Article{Kal65,
  author = 		 {V. Kalinin},
  title = 		 {Functionals related to the {P}oisson distribution and the statistical structure of a text},
  journal = 	 ste,
  year = 		 1965,
  volume =		 79,
  pages =		 {6---19}
}

@Article{Dar58,
  author = 		 {J. Darroch},
  title = 		 {The multiple capture-recapture census {I}: Estimation of a closed population},
  journal = 	 {bio},
  year = 		 1958,
  volume =		 45,
  pages =		 {343---359}
}

@Misc{exp,
  author = {A. Orlitsky and Sajama and N.P. Santhanam and K. Viswanthan and J.Zhang},
  title =		 {Experiments with the high profile distribution},
  howpublished = {In preparation}
}

@article{ZS03,
  author = 		 {H. Zhang and H. Stern},
  title = 		 {Investigation of a Generalized Multinomial Model for Species Data},
  journal = {Journal of Statistical Computation and Simulation},
  volume =75,
  number =5,
  pages ={347--362},
  year = 2005,
}

@Article{Hil79,
  author = 		 {B. Hill},
  title = 		 {Posterior moments of the number of species in a finite population and the posterior probability of finding a new species},
  journal = 	 jasa,
  year = 		 1979,
  volume = 	 74,
  pages = 	 {668---673}
}

@Article{BR87,
  author = 		 {C. Boender and A. Rinnooy Kan},
  title = 		 {A multinomial bayesian approach to the estimation of population and vocabulary size},
  journal = 	 bio,
  year = 		 1987,
  volume = 	 74,
  pages = 	 {849---856},
}

@Article{TE87,
  author = 		 {R. Thisted and B. Efron},
  title = 		 {Did Shakespeare write a newly discovered poem?},
  journal = 	 bio,
  year = 		 1987,
  volume = 	 74,
  pages = 	 {445---455},
}

@Book{CT,
  author = 	 {T. Cover and J. Thomas},
  title = 		 {Elements of Information Theory},
  publisher = 	 {John Wiley and sons.},
  year = 		 1991,
}

@article{MF96,
  author = 		 {N. Merhav and M. Feder},
  title = 		 {Hierarchical universal coding},
  journal = 	 {it},
  year = 		 1996,
  volume = 	 42,
  number = 	 5,
  pages = 	 {1354---1364},
  month = 	 sep,
}

@article{WST95,
    author = "F. M. J. Willems and Y. M. Shtarkov and Tj. J. Tjalkens",
    title = "The context-tree weighting method: basic properties.",
    journal = itt,
    volume = 41,
    number = 3,
    pages = "653--664",
    year = 1995,
}


@article{LZ77,
    author = "J. Ziv and A. Lempel",
    title = "A Universal Algorithm for Sequential Data Compression",
    journal = itt,
    volume = 23,
    number = 3,
    pages = "337---343",
    year = 1977,
}

@Article{FCW43,
  author = 		 {R. Fisher and A. Corbet and C. Williams },
  title = 		 {The relation between the number of species and the number of individuals in a random sample of an animal population},
  journal = 	 {jae},
  volume = 	 12,
  pages = 	 {42---48},
  year =1943,
}

@Article{BF93,
  author = 		 {J. Bunge and M. Fitzpatrick},
  title = 		 {Estimating the number of species: a review},
  journal = 	 jasa,
  year = 		 1993,
  volume = 	 88,
  pages = 	 {364---373},
}

@Article{CF87,
  author = 		 {M.K. Clayton and  E.W. Frees},
  title = 		 {Nonparametric estimation of the probability of discovering new species },
  journal = 	 {jasa},
  year = 		 1987,
  volume = 	 82,
  pages = 	 {305---311},
}

@Article{Cha84,
  author = 		 {A. Chao},
  title = 		 {Nonparametric estimation of the number of classes in a population},
  journal = 	 {sjsta},
  year = 		 1984,
  volume = 	 11,
  pages = 	 {265---270},
}

@Article{Sic86,
  author = 		 {H.S. Sichel},
  title = 		 {The {GIGP} distribution model with applications to physics literature},
  journal = 	 {cjpb},
  year = 		 1986,
  volume = 	 36,
  pages = 	 {133---137},
}

@Article{ET76,
  author = 		 {B. Efron and R. Thisted},
  title = 		 {Estimating the number of unseen species: {H}ow many words did {S}hakespeare know},
  journal = 	 {bio},
  year = 		 1976,
  volume = 	 63,
  pages = 	 {435---447},
}

@Article{Zel88,
  author = 		 {D. Zelterman},
  title = 		 {Robust estimation in truncated discrete distributions with application to capture-recapture experiments},
  journal = 	 {jspi},
  year = 		 1988,
  volume = 	 18,
  pages = 	 {225---237},
}

@Article{ML02,
  author = 		 {C. Mao and B. Lindsay},
  title = 		 {A Poisson model for the coverage problem with a genomic application},
  journal = 	 {bio},
  year = 		 2002,
  volume = 	 89,
  pages = 	 {669---682},
}

@Article{KRS87,
  author = 		 {R. Keener and E. Rothman and N. Starr},
  title = 		 {Distributions on partitions},
  journal = 	 {as},
  year = 		 1987,
  volume = 	 15,
  number = 	 4,
  pages = 	 {1466---1481},
}

@Article{Rob68,
  author = 		 {H.E. Robbins},
  title = 		 {Estimating the total probability of the unobserved outcomes of an experiment},
  journal = 	 {ams},
  year = 		 1968,
  volume = 	 39,
  pages = 	 {256---257},
}


@InProceedings{Rob55,
  author = 		 {H.E. Robbins},
  title = 		 {An empirical Bayes approach to statistics},
  booktitle = {bssp3},
  pages = 	 {157---164},
  year = 	 1955,
  volume = 	 1,
}

@Article{GT56,
  author = 		 {I.J. Good and G.H. Toulmin},
  title = 		 {The number of new species and the increase in population coverage when the sample is increased},
  journal = 	 bio,
  year = 		 1956,
  volume = 	 43,
  number =1,
  pages = 	 {45---63},
}

@InProceedings{HY03,
  author = 		 {D. He and E Yang},
  title = 		 {On the universality of grammar-based codes for sources with countably infinite alphabets},
  booktitle = isit,
  year = 2003,
}

@Book{Fel68,
  author =		 {W. Feller},
  title = 		 {An introduction to probability theory},
  publisher = 	 {Wiley},
  year = 		 1968,
}

@Article{EL41,
  author = 		 {P. Erdos and J. Lehner},
  title = 		 {The distribution of the number of summands in the partitions of a positive integer},
  journal = 	 dmj,
  year = 		 1941,
  volume = 	 8,
  pages = 	 {335---345},
}

@Unpublished{Sha:up,
  author = 		 {G. Shamir},
  title = 		 {In preparation},
}


@Misc{JOS02:cwc,
  author = 		 {N. Jevti\'c and A. Orlitsky and N.P. Santhanam},
  title = 		 {Upper bounds on compression of unknown alphabets},
  institution =  {University of California, San Diego},
  year = 		 2003,
  howpublished = 	 {Cal IT$^2$ Seminar},
  month = oct # "~31",
}

@Misc{JOSVZ03:cwc,
  author = 		 {N. Jevti\'c and A. Orlitsky and N.P. Santhanam and K. Viswanathan and J. Zhang},
  title = 		 {Estimation with insufficient data},
  institution =  {University of California, San Diego},
  year = 		 2003,
  howpublished = 	 {Poster, Cal IT$^2$ Day},
  month = sep # "~24",
}

@InBook{Wil:ghr,
  author = 	 {H.S. Wilf},
  title = 		 {Generatingfunctionology},
  publisher = 	 {Academic Press},
  year = 		 {1990},
  pages = 	 {91},
}

@Book{Wil:g,
  author = 	 {H.S. Wilf},
  title = 		 {Generatingfunctionology},
  publisher = 	 {Academic Press},
  year = 		 {1990},
}

@Book{Lap:pe,
  author = 	 {P.S. Laplace},
  title = 		 {Philosphical essays on probabilities},
  publisher = 	 {Springer Verlag, New York},
  year = 		 {1995},
  edition = 	 {{T}ranslated by {A.} {D}ale from the 5th (1825)},
}





@Book{DeMor38,
  author = 	 {A. DeMorgan},
  title = 		 {An Essay on Probabilities, and on their Application to Life Contingencies and Insurance Offices, },
  publisher = 	 {Longman et at., London.},
  year = 		 1838}



@InBook{DeMor45,
  author = 	 {A. De Morgan},
  title = 		 {Encyclopedia Metropolitana, Vol 2 Pure Mathematics, B.},
  chapter = 	 {Theory of Probabilities},
  publisher = 	 {Fellowes et. al., London},
  year = 		 1845,
  pages = 	 {393--490}}

@Article{Kin75:pd,
  author = 		 {J.F.C. Kingman},
  title = 		 {Random Discrete Distributions},
  journal = 	 {Journal of the Royal Statistical Society},
  year = 		 1975,
  volume = 	 {B37},
  pages = 	 {1--22}}

@Article{Kin78,
  author = 		 {J.F.C. Kingman},
  title = 		 {Random Partitions in Population Genetics},
  journal = 	 {Proceedings of the Royal Society},
  year = 		 1978,
  volume = 	 {A361},
  pages = 	 {1--20}}



@Article{Kin78:de,
  author = 		 {J.F.C. Kingman},
  title = 		 {The Representation of Partition Structures },
  journal = 	 {Journal of the London Mathematical Society},
  year = 		 1978,
  volume = 	 18,
  pages = 	 {374--380}}


@Article{Kin80,
  author = 		 {J.F.C. Kingman},
  title = 		 {The Mathematics of Genetic Diversity},
  journal = 	 {SIAM},
  year = 		 1980}


@Book{Goo65,
  author = 	 {I.J. Good},
  title = 		 {The Estimation of Probabilities: An Essay on Modern Bayesian Methods},
  publisher = 	 {MIT Press, Cambridge, MA},
  year = 		 1965}


@Article{Goo79,
  author = 		 {I.J. Good},
  title = 		 {Turing's Statistical Work in World War II},
  journal = 	 {Biometrika},
  year = 		 1979,
  volume = 	 66,
  pages = 	 {393--396}}

@article{deFin37,
author= {B. De Finetti },
year =1937,
title={La prevision: ses lois logiques, ses sources subjeetives},
journal={Annales de l'Institut Henri Poincard},
volume=7,
pages={1-68}}

@inbook{DF80,
author={P. Diaconis and D. Freedman },
year=1980 ,
chapter={De Finetti's Generalizations of Exchangeability},
title={R. C. Jeffrey (ed.), Studies in Inductive Logic and Probability, Vol. 2},
publisher={University of California Press, Berkeley and Los Angeles},
pages={233-50}}

@article{Zab92,
author={S.L. Zabell },
year=1992,
title={Predicting the unpredictable},
journal={Synthese},
volume=90,
pages={205--232}}

@inbook{Ald85,
author={D. J. Aldous},
year=1985,
chapter={Exchangeability and Related Topics},
publisher={P. L. Hennequin (ed.), Ecole d'~tg de Probabilitds de Saint-Flour XII1 - 1983},
title={Lecture Notes in Mathematics 1117},
pages={1-198}}

@book{Joh24,
author={W.E. Johnson },
year=1924,
title={Logic, Part III: The Logical Foundations of Science},
publisher={Cambridge University Press, Cambridge}}


@article{Ewe72,
author={W. J. Ewens},
year=1972,
title={The Sampling Theory of Selectively Neutral Alleles},
journal={Theoretical Population Biology},
volume=3,
pages={87-112}}

@TechReport{Pit92,
author={J. Pitman},
title={Partition structures derived from Brownian motion and stable subordinators},
number={Technical Report 346},
institution={Dept. Statistics, U.C. Berkeley},
year=1992,
note={Also in Bernoulli}}


@article{Pit95,
author={J. Pitman},
title={Exchangeable and partially exchangeable random partitions},
journal={Probability Theory and Related Fields},
volume=102,
pages={145-158},
year=1995}

@techreport{Pit96a,
author={J. Pitman},
title={Probabilistic bounds on the coefficients of polynomials with only real zeros},
number={Technical Report 453},
institution={Dept. Statistics, U.C. Berkeley},
note={Also in J. Comb. Theory A},
year=1996,
}

@article{Pit96b,
author={J. Pitman},
title={Random discrete distributions invariant under size-biased permutation},
journal={Advances in Applied Probability},
year=1996,
volume=28,
pages={525--536},}

@article{PY92,
author={J. Pitman and M. Yor},
title={Arcsine laws and interval partitions derived from a stable subordinator},
journal={Proc. London Math. Soc},
volume={3},
number={65},
pages={326-356},
year={1992},
}

@techreport{PY95,
author={J. Pitman and M. Yor},
title={The two-parameter Poisson-Dirichlet distribution derived from a stable subordinator},
number={Technical Report 433},
institution={Dept. Statistics, U.C. Berkeley},
year={1995},
note={Also in The Annals of Probability},
}

@article{BM73,
author={D. Blackwell and J. B. Macqueen},
title={Ferguson distributions via Pόlya urn schemes},
journal={Ann. Statist},
number=1,
pages={353--355},
year=1973,}

@article{VS77,
author={A. M. Vershik and A. A. Shmidt},
title={Limit measures arising in the theory of groups, I},
journal={Theor. Prob. AppL},
volume={22},
pages={79-85},
year={1977},}

@article{VS78,
author={A. M. Vershik and A. A. Shmidt},
title={Limit measures arising in the theory of symmetric groups, II},
journal={Theor. Prob. Aυpl},
volume=23,
pages={36-49},
year=1978,}


@Article{OS04:soi,
  author = 	 {A. Orlitsky and N.P. Santhanam},
  title = 	 {Speaking of infinity},
  journal = 	itt,
  year = 		2004,
  volume = 	 50,
  number = 	 10,
  pages = 	 {2215---2230},
  month = 	 oct,

}

@Article{OS03:soi,
  author = 	 {A. Orlitsky and N.P. Santhanam},
  title = 	 {Speaking of infinity},
  journal = 	itt,
  year = 		2004,
  volume = 	 50,
  number = 	 10,
  pages = 	 {2215---2230},
  month = 	 oct,

}

@Book{Jef:tp,
  author = 	 {H. Jeffreys},
  title = 		 {Theory of probability},
  publisher = 	 {Oxford University Press, New York},
  year = 		 {1961},
}

@Article{CB90,
  author = 		 {B.S. Clarke and A.R. Barron},
  title = 		 {Information theoretic asymptotics of Bayes methods},
  journal = 	 {itt},
  year = 		 1990,
  volume = 	 36,
  number = 	 3,
  pages = 	 {453---471},
  month = 	 may,
}


@Article{CB94,
  author = 		 {B.S. Clarke and A.R. Barron},
  title = 		 {Jeffreys' prior is asymptotically least favorable under entropy risk},
  journal = 	 jspi,
  year = 		 {1994},
  volume = 	 {41},
  number = 	 {1},
  pages = 	 {37---60},
}

@Book{HS:Cdb,
  author =       {F.H. Hinsley and A. Stripp},
  title =        {Codebreakers: {T}he inside story of {B}letchley {P}ark},
  publisher =    {Oxford University Press},
  year =         {1993}
}

@Article{STW95,
  author = 		 {Y.M. Shtarkov and T.J. Tjalkens and F.M.J. Willems},
  title ={Multialphabet universal coding of memoryless sources },
  journal = 	 pit,
  year = 		 {1995},
  volume = 	 {31},
  number = 	 {2},
  pages = 	 {114---127},
}


@inproceedings{LW92,
  author = 		 {N. Littlestone and M.K. Warmuth},
  title = 		 {The weighted majority algorithm},
  year = 	 {1992},
  booktitle= isfcs,
}



@Article{AKF07,
  author = 		 {A. Akimov and A. Kolesnikov and P. Franti},
  title = 		 {Lossless compression of map contours by context tree modeling of chain codes},
  journal = 	 {Pattern Recognition},
  year = 		 2007,
  volume = 	 40,
  number = 	 3,
  pages = 	 {944--952}}

@InCollection{Sht77,
  author = 		 {J. Shtarkov},
  title = 		 {Coding of discrete sources with unknown statistics},
  booktitle = 	 {Topics in Information Theory (Coll. Math. Soc. J. Bolyai, no. 16)},
  pages = 	 {559--574},
  publisher = {Amsterdam, The Netherlands: North Holland},
  year = 	 1977,
  editor = 	 {I. Csisz\'ar and P. Elias},
}


@Article{Rya08,
  author = 		 {B. Ryabko},
  title = 		 {Compression based methods for non-parametric online prediction, regression, classification and density estimation },
  journal = 	 {Festschrift in Honor of Jorma Rissanen on the occasion of his 75th birthday},
  year = 		 2008,
  pages = 	 {271-288}}

@Article{CS96,
  author = 		 {I. Csisz\'ar and P.C. Shields},
  title = 		 {Redundancy rates for renewal and other processes},
  journal = 	 itt,
  year = 		 1996,
  volume = 	 42,
  number = 	 6,
  pages = 	 {2065---2072},
  month = 	 nov,
}


@Unpublished{Goo03,
  author = 		 {I.J. Good},
  title = 		 {Personal communications},
  note = 		 {(via telephone, with Prof. A. Orlitsky)}}

@Article{Goo00,
  author = 		 {I.J. Good},
  title = {Turing's anticipation of {E}mpirical {B}ayes in connection with the cryptanalysis of the {N}aval {E}nigma},
  journal = 	 jssc,
  year = 		 {2000},
  volume = 	 {66},
  pages = 	 {101---111},
}

@Article{Bel34,
  author =       {E.T. Bell},
  title =        {Exponential Numbers},
  journal =      amm,
  year =         {1934},
  volume =       {41},
  pages =        {411---419},
}

@Article{Rot64,
  author =       {G.C. Rota},
  title =        {The number of partitions of a set},
  journal =      amm,
  year =         {1964},
  volume =       {71},
  pages =        {498---504},
}

@Article{Szp98,
  author = 		 {W. Szpankowski},
  title = 		 {On asymptotics of certain recurrences arising in universal coding},
  journal = 	 pit,
  year = 		 {1998},
  volume = 	 {34},
  number = 	 {2},
  pages = 	 {142---146}
}

@Article{OSZ03:s+f,
  author = 	 {A. Orlitsky and N.P. Santhanam and J. Zhang},
  title = 	 {Always {G}ood {T}uring: {A}symptotically optimal probability estimation},
  journal = 	 {Science},
  year = 		 2003,
  volume = 	 302,
  number = 	 5644,
  pages = 	 {427---431},
  month = 	 oct #"~17",
  note = "See also~" # proci # "~44th~" # focsi #",~"# oct # "~2003",
}

@Article{OSZ03:agt:s,
  author = 	 {A. Orlitsky and N.P. Santhanam and J. Zhang},
  title = 	 {Always {G}ood {T}uring: {A}symptotically optimal probability estimation},
  journal = 	 {Science},
  year = 		 2003,
  volume = 	 302,
  number = 	 5644,
  pages = 	 {427---431},
  month = 	 oct # "~17",
}

@inproceedings{OSZ03:agt,
  author = 	 {A. Orlitsky and N.P. Santhanam and J. Zhang},
  title = 	 {Always {G}ood {T}uring: {A}symptotically optimal probability estimation},
  booktitle = proc # "~44th~" # focs,
  year = 	 2003,
  month = 	 oct,
}

@Article{OSZ03,
  author = 	 {A. Orlitsky and N.P. Santhanam and J. Zhang},
  title = 	 {Universal compression of memoryless sources over unknown alphabets},
  journal = itt,
  year = 		 2004,
  volume = 	 50,
  number = 	 7,
  pages = 	 {1469---1481},
  month = 	 {July},
}

@InProceedings{ASS97,
  author = 		 {J. {\AA}berg and Y.M. Shtarkov and B.J.M. Smeets},
  title = 		 {Multialphabet coding with Separate Alphabet Description},
  booktitle = 	 pccs,
  year = 	 1997
}


@inproceedings{CG96,
    author = "S.F. Chen and J. Goodman",
    title = "An Empirical Study of Smoothing Techniques for Language Modeling",
    booktitle = paclthirtyfour,
    publisher = "Morgan Kaufmann Publishers",
    address = "San Francisco",
    pages = "310---318",
    year = "1996",}


@Article{KY98,
  author = 		 {K. Yamanishi},
  title = 		 {A decision-theoretic extension of stochastic complexity and its application to learning},
  journal = 	 itt,
  year = 		 {1998},
  volume = 	 {44},
  number = 	 {4},
  pages = 	 {1424---1439},
  month = 	 jul,
}

@Article{WMF94,
  author = 		 {M.J. Weinberger and N. Merhav and M. Feder},
  title = 		 {Optimal sequential probability assignment for individual sequences},
  journal = 	 itt,
  year = 		 {1994},
  volume = 	 {40},
  pages = 	 {384---396},
  number = 	 {2},
  month = 	 mar,
}




@Book{CL,
  author = 	 {N. Cesa Bianchi and G. Lugosi},
  title = 		 {Prediction, Learning and Games},
  publisher = 	 {Cambridge University Press},
  year = 		 2006}

@Article{Pol00,
  author = 		 {J. Pollard},
  title = 		 {Kruskal's card trick},
  journal = 	 {The Mathematical Gazette},
  year = 		 2000,
  month = 	 {Jun}}

@Article{V98,
  author = 		 {V.G. Vovk},
  title = 		 {A game of prediction with expert advice},
  journal = 	 jcss,
  year = 		 {1998},
  volume = 	 {56},
  number = 	 {2},
  pages = 	 {153---173},
}

@InProceedings{V90,
  author = 		 {V.G. Vovk},
  title = 		 {Aggregating strategies},
  booktitle = pclthree,
  pages = 	 {372---383},
  year = 	 {1990},
}

@Article{HKW98,
  author = 		 {D. Haussler and J. Kivinen and M.K. Warmuth},
  title = 		 {Sequential prediction of individual sequences under general loss functions},
  journal = 	 itt,
  year = 		 {1998},
  volume = 	 {44},
  number = 	 {5},
  month = sep,
  pages = 	 {1906---1925},
}

@InProceedings{CL99,
  author = 		 {N. Cesa-Bianchi and G. Lugosi},
  title = 		 {Minimax regret under log loss for general classes of experts},
  booktitle = pcltwelve,
  pages = 	 {12---18},
  year = 	 {1999},
}

@Article{GCY93,
  author = 		 {W.A. Gale and K.W. Church and D. Yarowsky },
  title = 		 {A method for disambiguating word senses},
  journal = 	 ch,
  year = 		 {1993},
  volume = 	 {26},
  pages = 	 {415---419},
}

@inproceedings{SC99,
    author = "F. Song and W.B. Croft",
    title = "A General Language Model for Information Retrieval (poster abstract)",
    booktitle = rdir,
    pages = "279---280",
    year = "1999",
}

@InProceedings{MS00,
  author = 		 {D. McAllester and R. Schapire},
  title = 		 {On the convergence rate of {G}ood {T}uring estimators},
  booktitle = pclthirteen,
  year = 	 {2000},
}

@Article{Nad91,
  author = 		 {A. Nadas},
  title = 		 {Good, {J}elinek, {M}ercer, and {R}obins on {T}uring's estimate of probabilities},
  journal = 	 ajmms,
  year = 		 {1991},
  volume = 	 {11},
  pages = 	 {229---308},
}

@Article{CG91,
  author = 		 {K.W. Church and W.A. Gale},
  title = 		 {Probability scoring for spelling correction},
  journal = 	 sc,
  year = 		 {1991},
  volume = 	 {1},
  pages = 	 {93---103},
}

@InProceedings{KN95,
  author = 		 {R. Kneser and H. Ney},
  title = 		 {Improved backing-off for $m$-gram language modeling },
  booktitle = piassp,
  pages = 	 {181---184},
  year = 	 {1995},
  volume = 	 {1},
}

@InProceedings{JM80,
  author = 		 {F. Jelinek and R.L. Mercer},
  title = 		 {Interpolated estimation of {M}arkov source parameters from sparse data},
  booktitle = ppr,
  year = 	 {1980},
  month = may
}

@Misc{JM84,
  author = 	 {F. Jelinek and R.L. Mercer},
  title = 		 {Probability distribution estimation from sparse data},
  howpublished =  {I.B.M. Technical Disclosure Bulletin},
  year = 		 {1984},
}

@Article{Kat87,
  author = 		 {S.M. Katz},
  title = 		 {Estimation of probabilities from sparse data for the language model component of a speech recognizer},
  journal = 	 itassp,
  year = 		 {1987},
  volume = 	 {ASSP-35},
  number = 	 {3},
  pages = 	 {400---401},
  month = 	 mar,
}

@Article{Nad85,
  author = 		 {A. Nadas},
  title = 		 {On {T}uring's formula for word probabilities},
  journal = 	 itassp,
  year = 		 {1985},
  volume = 	 {ASSP-33},
  number = 	 {6},
  pages = 	 {1414---1416},
  month = 	 dec,
}

@Article{WB91,
  author = 		 {I.H. Witten and T.C. Bell},
  title = 		 {The zero frequency problem},
  journal = 	 itt,
  year = 		 {1991},
  volume = 	 {37},
  number = 	 {4},
  pages = 	 {1085---1094},
}

@TechReport{WG94,
  author = 		 {W. Gale},
  title = 		 {Good {T}uring smoothing without tears},
  institution =  {AT\&T Bell Laboratories},
  year = 		 1994,
  address = 	 {Murray Hill, NJ},
}

@Article{Goo53,
  author = 		 {I.J. Good},
  title = 		 {The population frequencies of species and the estimation of population parameters},
  journal = 	 bio,
  year = 		 {1953},
  volume = 	 {40},
  number = 	 {3/4},
  pages = 	 {237---264},
  month = 	 dec,
}



@InCollection{GC94,
  author = 		 {W. Gale and K. Church},
  title = 		 {What is wrong with adding one?},
  booktitle = 	 {Corpus based research into language},
  publisher = {Rodopi, Amsterdam},
  year = 	 {1994},
  pages = {189---198},
  editor = 	 {N. Oostdijk and P. de Haan},
}

@Book{AH00,
  author = 	 {A. Hodges},
  title = 		 {Alan {T}uring: {T}he {E}nigma},
  publisher = 	 {Walker \& Co.},
  year = 		 {2000}
}

@Misc{Slo,
  author = 	 {N.J.A. Sloane},
  title = 	 {Online~encyclopedia~of~integer~sequences},
  howpublished =  {\texttt{http://www.research.att.com/\~}} #{\texttt{njas/sequences/}},
}

@Misc{mathworld:ratio,
  author = 	 {E.W. Weisstein},
  title = 	 {``{R}atio {T}est."~}#mathworld,
  howpublished =  {\texttt{http://mathworld.wolfram.com/RatioTest.html}},
}

@Misc{mathworld:root,
  author = 	 {E.W. Weisstein},
  title = 	 {``{R}oot {T}est."~}#mathworld,
  howpublished =  {\texttt{http://mathworld.wolfram.com/RootTest.html}},
}


@InProceedings{OS03:puc,
  author = 		 {A. Orlitsky and N.P. Santhanam},
  title = 		 {Performance of universal codes over Infinite Alphabets},
  booktitle = dcc,
  year = 	 2003,
  month = 	 mar,
}
@InProceedings{OSZ03:bnd,
  author = 	 {A. Orlitsky and N.P. Santhanam and J. Zhang},
  title = 	 {Bounds on compression of unknown alphabets},
  booktitle =  isit,
  year = 2003,
  month = jul,
}

@Misc{JOS02b,
  crossref={JOS02:cwc},
  author = 	 {N. Jevti\'c and A. Orlitsky and N.P. Santhanam},
  title = 	 {Upper bounds on compression of unknown alphabets},
  howpublished =  {{C}enter for {W}ireless {C}ommunication semi-annual review},
  month =        oct,
  year =         2002
}

@InProceedings{Sha02,
  author = 	 {G. Shamir},
  title = 	 {On the {MDL} principle for universal compression of unknown alphabets},
  booktitle = 	 all40,
  year      =    2002,
  month     =    oct,
  note      =    "Manuscript submitted~" # oct # "~15, 2002",
}

@InProceedings{DS02,
  author = 	 {M. Drmota and W. Szpankowski},
  title = 	 {The Precise Minimax Redundancy},
  booktitle = 	 isit,
  year =         {2002}
}

@Book{Szp,
  author = 	 {W. Szpankowski},
  title = 	 {Average Case Analysis of Algorithms on Sequences},
  publisher = 	 {Wiley},
  year = 	 {2001},
}
@Book{LW,
  author = 	 {J.H. van Lint and R.M. Wilson},
  title = 	 {A course in combinatorics},
  publisher = 	 {Cambridge University Press},
  year = 	 {1996},
}



@Book{Kan92,
  author = 	 {R. Kanigel},
  title = 		 {Man who knew infinity: A life of the genius Ramanujan},
  publisher = 	 {Simon and Schuster Publishing Group},
  year = 		 1992}

@Manual{CRCNS,
  title = 		 {Collaborative Research in Computational Neuroscience},
  address = 	 {From \texttt{http://www.crcns.org/data-sets/}}}

@Article{FSW02,
  author = 	 {D.P. Foster and R.A. Stine and A.J. Wyner},
  title = 	 {Universal codes for finite sequences of integers drawn from a monotone distribution},
  journal = 	 itt,
  year = 	 2002,
  volume = 	 48,
  number = 	 6,
  pages = {1713---1720},
  month = 	 jun,
}

@article{CO96,
    author = "{T.M.} Cover and E. Ordentlich",
    title = "Universal Portfolios with Side Information",
    journal = itt,
    volume = 42,
    number = 2,
    pages ={348---363},
    month = mar,
    year = 1996}


@Article{GPV93,
  author = 	 {L. Gy\"{o}rfi and  I. Pali and E.C. Van der Meulen},
  title = 	 {On universal noiseless source coding for infinite source alphabets},
  journal =  ettrt,
  year = 	 1993,
  volume = 	 4,
  pages = 	 {125---132},
}

@article{Cov91,
    author = "{T.M.} Cover",
    title = "Universal Portfolios",
    journal = mf,
    volume = "1",
    number = "1",
    month = jan,
    pages = "1---29",
    year = "1991"}

@Article{Ris96,
  author = 	 {J. Rissanen},
  title = 	 {Fisher information and stochastic complexity},
  journal = 	 itt,
  year = 	 1996,
  volume = 	 42,
  number = 1,
  month = jan,
  pages = 	 {40---47},
}

@Article{XB00,
  author = 	 {Q. Xie and A.R. Barron},
  title = 	 {Asymptotic minimax regret for data compression, gambling and prediction},
  journal = itt,
  year = 	 {2000},
  volume = 	 {46},
  number = 	 {2},
  pages = 	 {431---445},
  month = 	 mar,
}

@Article{KT81,
  author = 	 {R.E. Krichevsky and V.K. Trofimov},
  title = 	 {The preformance of universal coding},
  journal =  itt,
  year = 	 1981,
  volume = 	 27,
  number =2,
  month =mar,
  pages = 	 {199---207},
}

@Article{HR18,
  author = 	 {G.H. Hardy and S. Ramanujan},
  title = 	 {Asymptotic formulae in combinatory analysis},
  journal =  plms,
  year = 	 {1918},
  volume = 	 {17},
  number = 	 {2},
  pages = 	 {75---115},
}

@InProceedings{UK02,
  author = 	 {T. Uyematsu and F. Kanaya},
  title = 	 {Asymptotic optimality of two variations of {L}empel-{Z}iv codes for sources with countably infinite alphabet},
  booktitle = 	 isit,
  year =         {2002}
}

@InProceedings{JOS02,
  author = 	 {N. Jevti\'c and A. Orlitsky and N.P. Santhanam},
  title = 	 {Universal compression of unknown alphabets},
  booktitle = 	 isit,
  year =         {2002}
}

@Article{Eli75,
  author = 	 {P. Elias},
  title = 	 {Universal codeword sets and representations of integers},
  journal = 	 itt,
  year = 	 1975,
  volume = 	 21,
  pages ={194---203},
  month=mar,
  number = 	 2,
}

@article {Kie78,
  author   = {J.C. Kieffer},
  title    = {A unified approach to weak universal source coding},
  journal  = itt,
  volume   = {24},
  number   = {6},
  pages    = {674---682},
  month    = nov,
  year     = {1978}
}

@article {Dav73,
  author   = {L.D. Davisson},
  title    = {Universal noiseless coding},
  journal  = itt,
  volume   = 19,
  number   = 6,
  pages    = {783---795},
  month    = nov,
  year     = 1973
}

@article {Ris84,
  author   = {J. Rissanen},
  title    = {Universal coding, information, prediction, and estimation},
  journal  = itt,
  volume   = 30,
  number   = 4,
  pages    = {629---636},
  month    = jul,
  year     = 1984
}

@article {Hay56 ,
  author   = {W.K. Hayman},
  title    = {A generalization of {S}tirling's formula},
  journal  = jram,
  volume   = {196},
  pages    = {67---95},
  year     = 1956
}

@article {Sht87,
  author   = {Y.M. Shtarkov},
  title    = {Universal sequential coding of single messages},
  journal  = pit,
  volume   = 23,
  number   = 3,
  pages    = {3---17},
  year     = 1987
}

@article{MF98,
  author   = {N. Merhav and M. Feder},
  title    = {Universal prediction},
  journal  = itt,
  volume   = {44},
  number   = {6},
  pages    = {2124---2147},
  month    = oct,
  year     = {1998}
}


@Book{HW85,
  author = 	 {G.H. Hardy and E.M. Wright},
  publisher = 	 {Oxford University Press},
  title = 	 {An introduction to the theory of numbers},
  year = 	 {1985},
}

@InProceedings{OSVZ03,
  author = {A. Orlitsky and N.P. Santhanam and K. Viswanathan and J. Zhang},
  title =  {On compression and modeling of sparse data},
  booktitle = {Third Asian European Workshop on Coding and Information Theory},
  year =     2003,
  month = jun
}

@article{DLR77,
  author =       {A. P. Dempster and N. M. Laird and D. B. Rubin},
  title =        {Maximum likelihood from incomplete data},
  journal =      jrss,
  year =         1977,
  volume =       39,
  pages =        {1---38},
}

@article{Wu83,
  author =       {C. F. J. Wu},
  title =        {On the convergence properties of the EM algorithm},
  journal =      as,
  year =         1983,
  volume =       11,
  number =       1,
  pages =        {95---103},
}


@InProceedings{OSVZ04,
  author =       {A. Orlitsky and N.P. Santhanam and K. Viswanathan and J.Zhang},
  title =        {On modeling profiles instead of values},
  booktitle =    {Uncertainty in Artificial Intelligence},
  year =         2004
}

@InProceedings{UAI04,
  author =       {A. Orlitsky and N.P. Santhanam and K. Viswanathan and J.Zhang},
  title =        {On modeling profiles instead of values},
  booktitle =    {Uncertainty in Artificial Intelligence},
  year =         2004
}

@InProceedings{OSVZ04:itw,
  author = 		 {A. Orlitsky and N.P. Santhanam and K. Viswanathan and J. Zhang},
  title = 		 {Limit results on pattern entropy},
  booktitle = {Information Theory Workshop},
  year = 	 2004,
}

@InProceedings{OSVZ04:all,
  author = 		 {A. Orlitsky and N.P. Santhanam and K. Viswanathan and J. Zhang},
  title = 		 {Information theoretic approach to modeling low probabilities},
  booktitle = proc#"~42nd~"#all,
  year = 	 2004,
}

@article{Alo86,
  author   = {N. Alon},
  title    = {On the number of certain subgraphs contained in graphs with a given number of edges},
  journal  = {Israel J. Math},
  volume   = 53,
  pages    = {97---120},
  year     = 1986
}

@article{MRRTT53,
    author = "N. Metropolis and A. W. Rosenbluth and M. N. Rosenbluth and A. H. Teller and E. Teller",
    title = "Equation of state calculations by fast computing machines",
    journal = jcp,
    volume = 21,
    pages = "1087---1092",
    year = 1953,
}

@misc{Sha03:unv_lsl_cmp,
  author =       {G. Shamir},
  title = 	 {Universal lossless compression with unknown alphabets---the average case},
  howpublished = "Submitted for publication,~" # itt,
  year = 2003,
}

@article{SC92,
author = {Sutter RW and Cochi SL},
title={ Pertussis hospitalizations and mortality in the United States, 1985-1988},
journal={JAMA},
year= "1992",
volume= 267,
pages={386---391},
}

@article{DMDL96,
author={Dromer F and Mathoulin S and Dupont B and Laporte A},
title={Epidemiology of cryptococcosis in France: a 9-year survey (1985-1993)},
journal={Clinical Infectious Disease},
year= 1996,
volume=23,
number=1,
pages="82---90",
}

@article{ABF96,
author={Ackman DM and Birkhead G and Flynn M},
title="Assessment of surveillance for meningococcal disease in New York State",
journal="AJE",
year=1996,
volume=144,
number=1,
pages="78---82",
}

@PhdThesis{Olk93,
    author = "Frank Olken",
    title = "Random Sampling from Databases",
  school = 		 {University of California, Berkeley},
  year = 		 1993,
  note = 	 {Also available as Tech. Report LBL-32883, Lawrence Berkeley Laboratories},
}

@PhdThesis{Ses92,
author = "S. Seshadri",
title = "Probabilistic Methods in Query Processing",
school ="University of Wisconsin, Madison",
year = 1992,
}



@Book{Goo50,
  author = 	 {I.J. Good},
  title = 		 {Probability and the weighing of evidence},
  publisher = 	 {Charles Griffin},
  year = 		 1950,
  address = 	 {London},
}

@InProceedings{NS90,
  author = 		 {S. Seshadri, J.F. Naughton},
  title = 		 {On estimating the size of projections},
  booktitle = {Proceedings of ICDT, Third International Conference on Database Theory},
  editor = {S. Abiteboul and P.C. Kanellakis},
  pages = 	 {499---513},
  year = 	 1990,
  publisher = {Springer-Verlag}
}

@article{CRT00,
  author = "R. Chelluri and L.B. Richmond and N.M. Temme",
  title = "Asymptotic Estimates for Generalized Stirling Numbers",
  journal = "Analysis",
  volume=20,
  year=2000,
  pages={1---13},
  note="See also CWI Report MAS R9923, 1999" }
