@Article{Seaman99,
  author = 	 {Carolyn Seaman},
  title = 	 {Qualitative methods in empirical studies of software engineering},
  journal = 	 {{IEEE} Transactions on Software Engineering},
  year = 	 {1999},
  volume = 	 {25},
  number = 	 {4},
  month = 	 {July}
}


@TechReport{Basili06,
  author =       {Victor Basili and Marv Zelkowitz and Dag Sjoberg and
                  Philip Johnson and Tony Cowling},
  title =        {Protocols in the use of experimental software engineering artifacts},
  institution =  {Submitted to Empirical Software Engineering},
  year =         {2006}
}

