@inproceedings{Williams:00,
   author = {Laurie Williams and Bob Kessler},
   title = {The Effects of "Pair-Pressure" and "Pair-Learning" on Software Engineering Education},
   booktitle = {CSEET '00: Proceedings of the Thirteenth Conference on Software Engineering Education \& Training},
   year = {2000},
   isbn = {0-7695-0421-3},
   pages = {59},
   publisher = {IEEE Computer Society},
   address = {Washington, DC, USA},
 }

@InProceedings{Heierman04,
  author = 	 {E. Heierman and G. Youngblood and D. Cook},
  title = 	 {Mining Temporal Sequences to discover interesting patterns},
  booktitle =	 {Proceedings of the 2004 International Conference on Knowledge Discovery and Data Mining},
  year =	 {2004},
  address =	 {Seattle, Washington}
}
