@BOOK{Ferguson89,
   AUTHOR = {George A. Ferguson and Yoshio Takane},
   PUBLISHER = {McGraw-Hill Book Company},
   TITLE = {Statistical Analysis In Psychology And Education},
   categories = {textbooks},
   EDITION = 6,
   YEAR = 1989
}

@ARTICLE{Diehl87,
   AUTHOR = {M. Diehl and W. Stroebe},
   JOURNAL = {Journal of Personality and Social Psychology},
   NUMBER = 53,
   PAGES = {497-509},
   TITLE = {Productivity loss in brainstorming groups: Toward the solution of a riddle},
   YEAR = 1987
}

@ARTICLE{Mullen91,
   AUTHOR = {B. Mullen and C. Johnson and E. Salas},
   JOURNAL = {Basic and Applied Social Psychology},
   NUMBER = 12,
   PAGES = {3-24},
   TITLE = {Productivity loss in brainstorming groups},
   YEAR = 1991
}
