% abbreviations
@string{as="The American Statistician"}
@string{jasa="Journal of the American Statistical Association"}
@string{jrssb="Journal of the Royal Statistical Society, Series B"}
@string{tech="Technometrics"}
@string{icse16="Sixteenth International Conference on Software Engineering"}

@ARTICLE{Weller93,
   AUTHOR = {Edward F. Weller},
   JOURNAL = {IEEE Software},
   MONTH = {September},
   PAGES = {38-45},
   categories = {method=inspection case-studies}, 
   TITLE = {Lessons Learned from Three Years of Inspection Data},
   YEAR = 1993
}


@article{PVB:TSE94,
   author    = {Porter, Adam and Votta, Lawrence G. and Basili, Victor},
   title     = {Comparing Detection Methods for Software Requirement Inspections: A Replicated 
		Experiment},
   journal   = {IEEE Transactions on Software Engineering},
   year      = {1995},
   month     = {June},
   volume    = {21},
   number    = {6},
   pages     = {563--575},
}




@book{heiberger.1989,
	author = {R. M. Heiberger}, 
	title = "Computation for the Analysis of Designed Experiments",
	publisher = "Wiley \& Sons",
	address = "New York, New York",
	year = 1989
}


@inproceedings{ardis.1994,
	author = {Mark A. Ardis},
	title = "Lessons from Using Basic LOTOS",
        booktitle = icse16,
        editor = "",
        pages= "5--14",
	address = "Sorrento, Italy",
        month = may,	year = 1994
}

@article{GCR.formal,
	author = "S. Gerhart and D. Craigen and T. Ralston",
	title =  "Experience with formal methods in critical systems",
	journal = software, 
	volume = "11", number = "1",
	pages = "21--28",
	month = jan, year = 1994
}
	

@book{ieee.1984,
	author = {}, 
	title = "IEEE Guide to Software Requirements Specifications",
	publisher = "Soft. Eng. Tech. Comm. of the IEEE Computer Society",
	note="IEEE Std 830-1984",
	year = 1984
}

@inproceedings{PV.ICSE16,
	author = {Adam A. Porter and Lawrence G. Votta},
	title = "An Experiment to Assess Different Defect Detection Methods for Software Requirements Inspections",
        booktitle = "Sixteenth International Conference on Software Engineering",
        pages= "",
	address = "Sorrento, Italy",
        month = "May",	year = 1994
}

@techreport{PV:Tr,
        author = "Adam A. Porter and Lawrence G. Votta",
        title =  "An Experiment to Assess Different Defect Detection
        Methods for Software Requriements Inspections",
        institution = "University of Maryland",
        number = "CS-TR-3130",
        address = "College Park, MA",
        month = "September", year  = 1993       
        }


 @book{boehm.1981,
  author="Boehm, Barry W.",
  year=1981,
  title="Software Engineering Economics",
  publisher="Prentice Hall",
  address="Englewood Cliffs, NJ"
  }

 @book{siegel.1988,
  author="Siegel, S. and Castellan, Jr., N.J.",
  title="Nonparametric Statistics For the Behavioral Sciences",
  publisher="McGraw-Hill Book Company",
  edition="second",
  address="New York, NY",
  year= 1988
}

 @article{clarke.1976,
  author="Clarke, Lori A",
  year=1976,
  title="A system to generate test data and symbolically execute programs",
  journal="IEEE Trans. Software Eng.",
  volume="SE-2",
  month="Sept.",
  pages="215--222"
  }

 @article{darroch.1958,
  author="Darroch, J. N.",
  year=1958,
  title="The Multiple-Recapture Census. I. Estimation of a Closed Population",
  journal="Biometrika",
  volume=45,
  pages="343--359"
  }

 @article{dennis.1993,
  author="Alan R. Dennis and Jsoeph S. Valacich",
  year=1993,
  title="Computer Brainstorms: More Heads Are Better Than One",
  journal="Journal of Applied Psychology",
  volume=78,
  number=4,
  pages="531-537"
  }

 @inproceedings{eick.et.al.1992,
   author="Eick, Stephen G. and Loader, Clive R. and Long, M. David and
	Vander Wiel, Scott A. and Votta, Lawrence G.",
   year=1992,
   title="Estimating Software Fault Content Before Coding",
   booktitle="Proceedings of the 14th International Conference on
	Software Engineering" ,
   pages="59--65",
   month="May"
   }

 @inproceedings{eick.et.al.1993,
   author="Eick, Stephen G and Loader, Clive R and Long, M. David and
	Vander Wiel, Scott A and Votta, Lawrence G",
   year=1993,
   title="Capture-recapture and Other Statistical Methods for Software
	Inspection Data",
   booktitle="Computing Science and Statistics: Proceedings of the 25th
	Symposium on the Interface",
   organization="Interface Foundation of North America",
   note="To Appear."
   }

 @article{fagan.1976,
  author="Fagan, M. E.",
  year=1976,
  title="Design and code inspections to reduce errors in program development",
  journal=ibmsysj,
  volume=15,
  number=3,
  pages="182--211"
  }

 @article{hoffman.1991,
   author="Hoffman, D E",
   year=1991,
   title="Automated module testing in prolog",
   journal="IEEE Trans. Software Eng.",
   volume="SE-17",
   month="Sept.",
   pages="934--943"
   }

 @book{humphrey.1989,
  author="Watts S. Humphery",
  year=1989,
  title="Managing the Software Process",
  publisher="Addison-Wesley Publishing Co.",
  note="Reading, Massachusetts"
  }

 @book{ieee.1988,
  year=1989,
  author="",
  title="IEEE Guide for the Use of IEEE Standard Dictionary of Measures to Produce Reliable Software",
  publisher="Soft. Eng. Tech. Comm. of the IEEE Computer Society",
  note="IEEE Std 982.2-1988",
  key="IEEE",
  }

 @book{ieee.1989,
  year=1989,
  author="",
  title="IEEE Standard for software reviews and audits",
  publisher="Soft. Eng. Tech. Comm. of the IEEE Computer Society",
  note="IEEE Std 1028-1988",
  key="IEEE",
  }

 @article{lecren.1965,
  author="{Le Cren}, E D",
  year=1965,
  title="A note on the history of mark-recapture population estimates",
  journal="Journal of Animal Ecology",
  volume=34,
  pages="453--454"
  }

 @book{lincoln.1930,
  author="Lincoln, Fredrick C",
  year=1930,
  title="Calculating Waterfoul Abundance on the Basis of Banding
	Returns",
  publisher="U.S. Department of Agriculture",
  note="Circular 118"
  }

 @article{miller.1956,
   author="Miller, G A",
   year=1956,
   title="The Magic Number Seven, Plus or Minus Two: Some Limits on our 
	Capacity for Processing Information",
   journal="The Psychological Review",
   volume=63,
   pages="81--97"
   }

 @book{otis.1978,
  author="Otis, David L and Burnham, Kenneth P and White, Gary C and
	Anderson, David R",
  year=1978,
  title="Statistical Inference from Capture Data on Closed Animal
	Populations",
  publisher="The Wildlife Society",
  series="Wildlife Monographs",
  address="Bethesda, MD"
  }

 @inproceedings{parnas.1985,
  author="Parnas, Dave L. and Weiss, David M.",
  year=1985,
  title="Active design reviews: principles and practices",
  booktitle="Proceedings of the 8th International Conference on
        Software Engineering" ,
  month="Aug.",
  pages="215--222"
  }

 @article{rapps.1985,
  author="Rapps, S and Weyuker, E",
  year=1985,
  title="Selecting software test data using data flow information",
  journal="IEEE Trans. Software Eng.",
  volume="SE-11",
  month="Apr.",
  pages="367--375"
  }

 @inproceedings{votta.1993,
  author="Votta, Lawrence G.",
  year="1993",
  title="Does Every Inspection Need a Meeting?",
  booktitle="Proceedings of ACM SIGSOFT '93 Symposium on Foundations of
       Software Engineering" ,
  organization="Association for Computing Machinery",
  pages="",
  month="December"

  }


 @book{seber.1982,
  author="Seber, George A F",
  year=1982,
  title="The Estimation of Animal Abundance and Related Parameters",
  edition="second",
  publisher="MacMillan",
  address="New York",
  }

 @article{white.1980,
  author="White, L J and Cohen, E I",
  year=1980,
  title="A domain strategy for computer program testing",
  journal="IEEE Trans. Software Eng.",
  volume="SE-6",
  month="May",
  pages="247--257"
  }

@article{Boehm:VV,
	author = "Barry Boehm",
	title =  "Verifying and Validating Software Requirements and Design Specifications",
	journal = software, 
	volume = "1", number = "1",
	pages = "75--88",
	month = jan, year = 1984,
}


@article{SMT:URD,
	author = "G. Michael Schneider and Johnny Martin and W. T. Tsai",
	title =  "An Experimental Study of Fault Detection in User Requirements",
	journal = tosem, 
	volume = "1", number = "2",
	pages = "188--204",
	month = "April", year = 1992,
}



@techreport{Wood:ELEV,
	author = "William G. Wood",
	title =  "Temporal Logic Case Study",
	institution = "Software Engineering Institute",
	number = "CMU/SEI-89-TR-24",
	address = "Pittsburgh, PA",
	month = "August", year  = 1989	
	}

@techreport{Kirby:Cruise,
	author = "J. Kirby",
	title =  "Example {NRL}/{SCR} Software Requirements for an Automobile Cruise Control and
Monitoring System",
	institution = "Wang Institute of Graduate Studies",
	number = "TR-87-07",
	address = "",
	month = "July", year  = 1984	
	}

@techreport{vanSchouwen:WLMS,
	author = "J. vanSchouwen",
	title =  "The {A}-7 Requirements Model: Re-examination for Real-Time Systems and 
an Application to Monitoring Systems",
	institution = "Queen's University ",
	number = "TR-90-276",
	address = "Kingston, Ontario, Canada",
	month = "May", year  = 1990	
	}

@inproceedings {BW:Errors,
	author = {V. R. Basili and D. M. Weiss},
	title = {Evaluation of a Software Requirements Document By Analysis of Change Data},
	booktitle = icse5,
	address = {San Diego, CA},
	month = mar, year = 1981,
	pages = {314-323},
	label = {Basili & Weiss 81}
	}

@article(heninger80,
	author = "Kathryn L. Heninger",
	title = "{S}pecifying {S}oftware {R}equirements for {C}omplex {S}ystems:
		{N}ew {T}echniques and their {A}pplication",
	journal = tse,
	volume = "SE-6", number = 1,
	month = jan, year = 1980,
	pages = "2--13",
	key = "Heninger~80"
	)

@book {BHH:Statistics,
	author = {G. E. P. Box and W. G. Hunter and J. S. Hunter},
	title = {Statistics for Experimenters},
	publisher = {John Wiley \& Sons},
	address = {New York},
	year = {1978},
	label = {Box, Hunter, & Hunter 78}
	}

 @book {JSK:RMISR,
	author = {Charles M. Judd and Eliot R. Smith and Louise H. Kidder},
	title = {Research Methods in Social Relations},
	publisher = {Holt, Rinehart and Winston, Inc.},
	address = {Fort Worth, TX},
	year = {1991},
	edition = "sixth",
	}

@inproceedings{PSTV:Live,
   author    = {Porter, Adam and Siy, Harvey and Toman, Carol A. and Votta, Lawrence G.},
   title     = {An Experiment to Assess the Cost-Benefits of Code Inspections in Large Scale Software
Development},
   booktitle = {ACM SIGSOFT The Third Symposium on the Foundations of Software Engineering},
   year      = {1995},
   month     = {October},
   pages     = {},
   volume    = {20},
   number    = {},
   annote    = {}
}


@book {glass,
	author = "Glass, G.V. and McGaw, B. and Smith, M.L",
	title = "Meta-analysis in Social Research",
	publisher = "SAGE",
	address = "Beverly Hills, CA",
	year = 1981,
}

