% abbreviations
@string{as="The American Statistician"}
@string{jasa="Journal of the American Statistical Association"}
@string{jrssb="Journal of the Royal Statistical Society, Series B"}
@string{tech="Technometrics"}

@book{ieee.1984,
	author = {}, 
	title = "IEEE Guide to Software Requirements Specifications",
	publisher = "Soft. Eng. Tech. Comm. of the IEEE Computer Society",
	note="IEEE Std 830-1984",
	year = 1984
}

@inproceedings{PV.ICSE16,
	author = {Adam A. Porter and Lawrence G. Votta},
	title = "An Experiment to Assess Different Defect Detection Methods for Software Requirements Inspections",
        booktitle = "Sixteenth International Conference on Software Engineering",
        pages= "",
	address = "Sorrento, Italy",
        month = "May",	year = 1994
}

 @article{burnham.1978,
  author="Burnham, K P and Overton, W S",
  year=1978,
  title="Estimation of the size of a closed population when capture
         probabilities vary among animals",
  journal="Biometrika",
  volume=65,
  pages="625--633"
  }

@techreport{PV:Tr,
        author = "Adam A. Porter and Lawrence G. Votta",
        title =  "An Experiment to Assess Different Defect Detection
        Methods for Software Requriements Inspections",
        institution = "University of Maryland",
        number = "CS-TR-3130",
        address = "College Park, MA",
        month = "September", year  = 1993       
        }


 @book{boehm.1981,
  author="Boehm, Barry W.",
  year=1981,
  title="Software Engineering Economics",
  publisher="Prentice Hall",
  address="Englewood Cliffs, NJ"
  }

 @book{siegel.1988,
  author="Siegel, S. and Castellan, Jr., N.J.",
  title="Nonparametric Statistics For the Behavioral Sciences",
  publisher="McGraw-Hill Book Company",
  edition="second",
  address="New York, NY",
  year= 1988
}

 @article{clarke.1976,
  author="Clarke, Lori A",
  year=1976,
  title="A system to generate test data and symbolically execute programs",
  journal="IEEE Trans. Software Eng.",
  volume="SE-2",
  month="Sept.",
  pages="215--222"
  }

 @article{darroch.1958,
  author="Darroch, J. N.",
  year=1958,
  title="The Multiple-Recapture Census. I. Estimation of a Closed Population",
  journal="Biometrika",
  volume=45,
  pages="343--359"
  }

 @article{dennis.1993,
  author="Alan R. Dennis and Jsoeph S. Valacich",
  year=1993,
  title="Computer Brainstorms: More Heads Are Better Than One",
  journal="Journal of Applied Psychology",
  volume=78,
  number=4,
  pages="531-537"
  }

 @inproceedings{eick.et.al.1992,
   author="Eick, Stephen G. and Loader, Clive R. and Long, M. David and
	Vander Wiel, Scott A. and Votta, Lawrence G.",
   year=1992,
   title="Estimating Software Fault Content Before Coding",
   booktitle="Proceedings of the 14th International Conference on
	Software Engineering" ,
   pages="59--65",
   month="May"
   }

 @inproceedings{eick.et.al.1993,
   author="Eick, Stephen G and Loader, Clive R and Long, M. David and
	Vander Wiel, Scott A and Votta, Lawrence G",
   year=1993,
   title="Capture-recapture and Other Statistical Methods for Software
	Inspection Data",
   booktitle="Computing Science and Statistics: Proceedings of the 25th
	Symposium on the Interface",
   organization="Interface Foundation of North America",
   note="To Appear."
   }

 @article{fagan.1976,
  author="Fagan, M. E.",
  year=1976,
  title="Design and code inspections to reduce errors in program development",
  journal=ibmsysj,
  volume=15,
  number=3,
  pages="182--211"
  }

 @article{hoffman.1991,
   author="Hoffman, D E",
   year=1991,
   title="Automated module testing in prolog",
   journal="IEEE Trans. Software Eng.",
   volume="SE-17",
   month="Sept.",
   pages="934--943"
   }

 @book{humphrey.1989,
  author="Watts S. Humphery",
  year=1989,
  title="Managing the Software Process",
  publisher="Addison-Wesley Publishing Co.",
  note="Reading, Massachusetts"
  }

 @book{ieee.1988,
  year=1989,
  author="",
  title="IEEE Guide for the Use of IEEE Standard Dictionary of Measures to Produce Reliable Software",
  publisher="Soft. Eng. Tech. Comm. of the IEEE Computer Society",
  note="IEEE Std 982.2-1988",
  key="IEEE",
  }

 @book{ieee.1989,
  year=1989,
  author="",
  title="IEEE Standard for software reviews and audits",
  publisher="Soft. Eng. Tech. Comm. of the IEEE Computer Society",
  note="IEEE Std 1028-1988",
  key="IEEE",
  }

 @article{lecren.1965,
  author="{Le Cren}, E D",
  year=1965,
  title="A note on the history of mark-recapture population estimates",
  journal="Journal of Animal Ecology",
  volume=34,
  pages="453--454"
  }

 @book{lincoln.1930,
  author="Lincoln, Fredrick C",
  year=1930,
  title="Calculating Waterfoul Abundance on the Basis of Banding
	Returns",
  publisher="U.S. Department of Agriculture",
  note="Circular 118"
  }

 @article{miller.1956,
   author="Miller, G A",
   year=1956,
   title="The Magic Number Seven, Plus or Minus Two: Some Limits on our 
	Capacity for Processing Information",
   journal="The Psychological Review",
   volume=63,
   pages="81--97"
   }

 @book{otis.1978,
  author="Otis, David L and Burnham, Kenneth P and White, Gary C and
	Anderson, David R",
  year=1978,
  title="Statistical Inference from Capture Data on Closed Animal
	Populations",
  publisher="The Wildlife Society",
  series="Wildlife Monographs",
  address="Bethesda, MD"
  }

 @inproceedings{parnas.1985,
  author="Parnas, Dave L. and Weiss, David M.",
  year=1985,
  title="Active design reviews: principles and practices",
  booktitle="Proceedings of the 8th International Conference on
        Software Engineering" ,
  month="Aug.",
  pages="215--222"
  }

 @article{rapps.1985,
  author="Rapps, S and Weyuker, E",
  year=1985,
  title="Selecting software test data using data flow information",
  journal="IEEE Trans. Software Eng.",
  volume="SE-11",
  month="Apr.",
  pages="367--375"
  }

 @inproceedings{votta.1993,
  author="Votta, Lawrence G.",
  year="1993",
  title="Does Every Inspection Need a Meeting?",
  booktitle="Proceedings of ACM SIGSOFT '93 Symposium on Foundations of
       Software Engineering" ,
  organization="Association for Computing Machinery",
  pages="",
  month="December"

  }


 @book{seber.1982,
  author="Seber, George A F",
  year=1982,
  title="The Estimation of Animal Abundance and Related Parameters",
  edition="second",
  publisher="MacMillan",
  address="New York",
  }

 @article{white.1980,
  author="White, L J and Cohen, E I",
  year=1980,
  title="A domain strategy for computer program testing",
  journal="IEEE Trans. Software Eng.",
  volume="SE-6",
  month="May",
  pages="247--257"
  }

@article{Boehm:VV,
	author = "Barry Boehm",
	title =  "Verifying and Validating Software Requirements and Design Specifications",
	journal = software, 
	volume = "1", number = "1",
	pages = "75--88",
	month = jan, year = 1984,
}


@article{SMT:URD,
	author = "G. Michael Schnieder and Johnny Martin and W. T. Tsai",
	title =  "An Experimental Study of Fault Detection in User Requirements",
	journal = tosem, 
	volume = "1", number = "2",
	pages = "188--204",
	month = "April", year = 1992,
}



@techreport{Wood:ELEV,
	author = "William G. Wood",
	title =  "Temporal Logic Case Study",
	institution = "Software Engineering Institute",
	number = "CMU/SEI-89-TR-24",
	address = "Pittsburgh, PA",
	month = "August", year  = 1989	
	}

@techreport{Kirby:Cruise,
	author = "J. Kirby",
	title =  "Example {NRL}/{SCR} Software Requirements for an Automobile Cruise Control and
Monitoring System",
	institution = "Wang Institute of Graduate Studies",
	number = "TR-87-07",
	address = "",
	month = "July", year  = 1984	
	}

@techreport{vanSchouwen:WLMS,
	author = "J. vanSchouwen",
	title =  "The {A}-7 Requirements Model: Re-examination for Real-Time Systems and 
an Application to Monitoring Systems",
	institution = "Queen's University ",
	number = "TR-90-276",
	address = "Kingston, Ontario, Canada",
	month = "May", year  = 1990	
	}

@inproceedings {BW:Errors,
	author = {V. R. Basili and D. M. Weiss},
	title = {Evaluation of a Software Requirements Document By Analysis of Change Data},
	booktitle = icse5,
	address = {San Diego, CA},
	month = mar, year = 1981,
	pages = {314-323},
	label = {Basili & Weiss 81}
	}

@article(heninger80,
	author = "Kathryn L. Heninger",
	title = "{S}pecifying {S}oftware {R}equirements for {C}omplex {S}ystems:
		{N}ew {T}echniques and their {A}pplication",
	journal = tse,
	volume = "SE-6", number = 1,
	month = jan, year = 1980,
	pages = "2--13",
	key = "Heninger~80"
	)

@book {BHH:Statistics,
	author = {G. E. P. Box and W. G. Hunter and J. S. Hunter},
	title = {Statistics for Experimenters},
	publisher = {John Wiley \& Sons},
	address = {New York},
	year = {1978},
	label = {Box, Hunter, & Hunter 78}
	}

 @book {JSK:RMISR,
	author = {Charles M. Judd and Eliot R. Smith and Louise H. Kidder},
	title = {Research Methods in Social Relations},
	publisher = {Holt, Rinehart and Winston, Inc.},
	address = {Fort Worth, TX},
	year = {1991},
	edition = "sixth",
	}

@inproceedings{KSH:Inspections,
        author = {John C. Kelly and Joseph S. Sherif and Jonathan Hops},
        title = "An analysis of defect densities found during software
        inspecitons",
        booktitle = "SEL Workshop Number 15",
        address = "Goddard Space Flight Center, Greenbelt, MD",
        month = "nov",  year = 1990
}

@techreport {Buck:Inspections,
        author = {F. O. Buck},
        title = {Indicators of Quality Inspections},
        institution = ibm-spd,
        number = {21.802},
        address = {Kingston, NY},
        month = sep, year = 1981,
        label = {Buck 81}
        }

@article{Boehm:VV,
	author = "Barry Boehm",
	title =  "Werifying and Validating Software Requirements and Design Specifications",
	journal = software, 
	volume = "1", number = "1",
	pages = "75--88",
	month = jan, year = 1984,
}


@article{SMT:URD,
	author = "G. Michael Schnieder and Johnny Martin and W. T. Tsai",
	title =  "An Experimental Study of Fault Detection in User Requirements",
	journal = tosem, 
	volume = "1", number = "2",
	pages = "188--204",
	month = "April", year = 1992,
}
	


@article{Fa:Inspections,
	author = "M. E. Fagan",
	title =  "Design and code inspections to reduce errors in 
	program development",
	journal = ibmsysj, 
	volume = "15", number = "3",
	pages = "216--245",
	month = "", year = 1976,
}
	


@article{BL:Inspections,
	author = "D. Bisant and J. R. Lyle",
	title =  "A Two-Person Inspection Method to Improve Programming Productivity",
	journal = tse, 
	volume = "15", number = "10",
	pages = "1294--1304",
	month = oct, year = 1989,
}
	

@inproceedings{MB:Lexical,
	author = {Yoelle S. Maarek and Daniel M. Berry},
	title = "The use of lexical affinities in requirements extraction",
        booktitle = "Fifth International Workshop on Software Specification and Design",
        pages= "196--202",
	address = "Pittsburgh, PA",
        month = "May 19--20",	year = 1989
}



@inproceedings{RW:Requirments,
	author = {H. B. Rubenstein and R. C. Waters},
	title = "The requirements apprentice: An initial scenario",
        booktitle = "Fifth International Workshop on Software Specification and Design",
        pages= "211--218",
	address = "Pittsburgh, PA",
        month = "May 19--20",	year = 1989
}




@phdthesis{Weiss:Change,
	author = "David Weiss",
	title =  "Evaluating Software Development by Analysis of Change Data",
	school = "University of Maryland",
	number = "TR-1120",
	address = "College Park, MD",
	month = "November", year  = 1981,
	abstract = { 
	
	}
	}

@article{Russel:LargeInspections,
	author = "Glen W. Russel",
	title =  "Experience with Inspections in Ultralarge-Scale Developments",
	journal = software, 
	volume = "8", number = "1",
	pages = "25--31",
	month = jan, year = 1991,
	abstract = { 
	Makes a few points about the use of inspections in a very large system.
	One benefit of inpsections is that when faults are found the
		fixes are usually right in front of you.
	},
	reviewed = {  }
}
	

@book{Yourdon:Waltkthrough,
	author = {E. Yourdon}, 
	title = "Structured Walkthroughs",
	publisher = "Prentice-Hall",
	address = "Englewood, NJ",
	year = 1979
}

@book{FW:walkthroughs,
	author = {D. P. Freeman and G. M. Weinberg}, 
	title = "Handbook of Walkthroughs, Inspections and Technical Reviews",
	publisher = "Little, Brown",
	address = "Boston, MA",
	year = 1982
}

@article{F:inspections,
	author = "P. J. Fowler",
	title =  "In-process inspections of work products at AT\&T",
	journal = "AT\&T Technical Journal", 
	volume = "", number = "",
	pages = "",
	month = "March-April", year = 1986
}

@article{F:Improvements,
	author = "M. E. Fagan",
	title =  "Advances in software inspections",
	journal = tse,
	volume = "SE--12", number = "7",
	pages = "",
	month = "July", year = 1986
}


@book{TLN:Reliability,
	author = {T. A. Thayer and  M. Lipow and E. C. Nelson}, 
	title = "Software reliability, a study of large project reality",
	publisher = "North-Holland",
	series = {TRW series of Software Technology}, 
	volume = {2},
	address = "Amsterdam",
	year = 1978
}


@book{H:Book,
	author = {Watts Humphrey}, 
	title = "Managing the Software Process",
	publisher = "Addison-Wesley",
	address = "New York",
	year = 1989
}

@book{Humphrey:Book,
	author = {Watts Humphrey}, 
	title = "Managing the Software Process",
	publisher = "Addison-Wesley",
	address = "New York",
	year = 1989
}


@article{CMP:Evaluating,
	author = "D. N. Card and F. E. McGarry and G. T. Page",
	title =  "Evaluating software engineering technologies",
	journal = tse, 
	volume = "SE--13", number = "7",
	pages = "",
	month = "July", year = 1987
}
	
@article{R:Maintenance,
	author = "H. D. Rombach ",
	title =  "A controlled experiment on the impact of software structure 
	on maintainability",
	journal = tse, 
	volume = "", number = "",
	pages = "344--354",
	month = "March", year = 1987
}
	

@inproceedings{L:Safety,
	author = {R. R. Lutz},
	title = "Analyzing Software Requirements Erors in Safety-Critical, Embedded Systems",
        booktitle = "IEEE International Symposium on Requirements Engineering",
        editor = "",
        pages= "126--133",
	address = "San Diego, CA",
        month = "Jan",	year = 1993
}


@article{Knight:Inspections,
        author = "John C. Knight and E. Ann Myers",
        title =  "An Improved Inspection Technique",
        journal = cacm,
        volume = "36", number = "11",
        pages = "51--61",
        month = nov, year = 1993
}

% abbreviations
@string{as="The American Statistician"}
@string{jasa="Journal of the American Statistical Association"}
@string{jrssb="Journal of the Royal Statistical Society, Series B"}
@string{tech="Technometrics"}
@string{tosem="ACM Trans. on Software Engineering and Methodology"}
@string{cacm="Communications of the ACM"}
@string(attj="AT&T Technical Journal")

@techreport{PV:Tr,
        author = "Adam A. Porter and Lawrence G. Votta",
        title =  "An Experiment to Assess Different Defect Detection
        Methods for Software Requriements Inspections",
        institution = "University of Maryland",
        number = "CS-TR-3130",
        address = "College Park, MA",
        month = "September", year  = 1993       
        }

 @article{knight.1993,
  author="Knight, John C. and Meyers, E. Ann",
  year=1993,
  title="An Improved Inspection Technique",
  journal=cacm,
  volume="36",
  number="11",
  month="Nov.",
  pages="50--61"
  }

 @article{gersick.1988,
  author="Connie J. G. Gersick",
  year=1988,
  title="Time and Transition in Work Teams: Toward a New Model of Group Development",
  journal="Academy of Management Sciences",
  volume="31",
  number="1",
  month="",
  pages="9--41"
  }

 @article{farley.1992,
  author="Farley, Daryl Lynn",
  year=1992,
  title="The 5ESS Switch U.S. Market Front End Process",
  journal=attj,
  volume=73,
  number=3,
  month="May/June",
  pages="8-14"
  }

 @article{colson.1992,
  author="Colson, Jr. Joseph S. and Prell, Edward M.",
  year=1992,
  title="Total Quality Management for a Large Software Project",
  journal=attj,
  volume=73,
  number=3,
  month="May/June",
  pages="48-56"
  }

 @article{robertson.1986,
  author="Robertson, Leonard B. and Secor",
  year=1986,
  title="Effective Management of Software Development",
  journal=attj,
  volume=65,
  number=2,
  month="March/April",
  pages="94-101"
  }

 @article{bisant.1989,
  author="Bisant, David B. and Lyle, James R.",
  year=1989,
  title="A Two-Person Inspection Method to Improve Programming Productivity",
  journal="IEEE Trans. Software Eng.",
  volume="15",
  number="10",
  month="Oct.",
  pages="1294--1304"
  }

 @article{chill.1993,
  author="Chaar, Jarir K., Halliday, Michael J., Bhandari, Inderpal S., Chillarege, Ram",
  year=1993,
  title="In-Process Evaluation for Software Inspection and Test",
  journal="IEEE Trans. Software Eng.",
  volume="19",
  number="11",
  month="Nov.",
  pages="1055--1070"
  }

 @article{kelly.1992,
  author="Kelly, John C., Sherif, Joseph S., and Hops, Jonathan",
  year=1992,
  title="An Analysis of Defect Densities Found During Software Inspections",
  journal="J. Systems Software",
  volume="17",
  pages="111--117"
  }

 @book{sieg.1988,
  author="Siegel, Sidney and Castellan, Jr. N. John",
  year="1988",
  title="Nonparametric Statistics For the Behavioral Sciences",
  edition="Second",
  publisher="McGraw-Hill Inc.",
  address="New York, NY"
  }

 @book{boehm.1981,
  author="Boehm, Barry W.",
  year=1981,
  title="Software Engineering Economics",
  publisher="Prentice Hall",
  address="Englewood Cliffs, NJ"
  }

 @article{clarke.1976,
  author="Clarke, Lori A",
  year=1976,
  title="A system to generate test data and symbolically execute programs",
  journal="IEEE Trans. Software Eng.",
  volume="SE-2",
  month="Sept.",
  pages="215--222"
  }

 @article{darroch.1958,
  author="Darroch, J. N.",
  year=1958,
  title="The Multiple-Recapture Census. I. Estimation of a Closed Population",
  journal="Biometrika",
  volume=45,
  pages="343--359"
  }

 @inproceedings{eick.et.al.1992,
   author="Eick, Stephen G. and Loader, Clive R. and Long, M. David and
	Vander Wiel, Scott A. and Votta, Lawrence G.",
   year=1992,
   title="Estimating Software Fault Content Before Coding",
   booktitle="Proceedings of the 14th International Conference on
	Software Engineering" ,
   pages="59--65",
   month="May"
   }

 @inproceedings{eick.et.al.1993,
   author="Eick, Stephen G and Loader, Clive R and Long, M. David and
	Vander Wiel, Scott A and Votta, Lawrence G",
   year=1993,
   title="Capture-recapture and Other Statistical Methods for Software
	Inspection Data",
   booktitle="Computing Science and Statistics: Proceedings of the 25th
	Symposium on the Interface",
   organization="Interface Foundation of North America",
   address="San Diego, California",
   month="March",
   }

 @article{fagan.1976,
  author="Fagan, M. E.",
  year=1976,
  title="Design and code inspections to reduce errors in program development",
  journal=ibmsysj,
  volume=15,
  number=3,
  pages="182--211"
  }

 @article{hoffman.1991,
   author="Hoffman, D E",
   year=1991,
   title="Automated module testing in prolog",
   journal="IEEE Trans. Software Eng.",
   volume="SE-17",
   month="Sept.",
   pages="934--943"
   }

 @book{humphrey.1989,
  author="Watts S. Humphery",
  year=1989,
  title="Managing the Software Process",
  publisher="Addison-Wesley Publishing Co.",
  note="Reading, Massachusetts"
  }

 @book{ieee.1988,
  year=1989,
  author="",
  title="IEEE Guide for the Use of IEEE Standard Dictionary of Measures to Produce Reliable Software",
  publisher="Soft. Eng. Tech. Comm. of the IEEE Computer Society",
  note="IEEE Std 982.2-1988",
  key="IEEE",
  }

 @book{ieee.1989,
  year=1989,
  author="",
  title="IEEE Standard for software reviews and audits",
  publisher="Soft. Eng. Tech. Comm. of the IEEE Computer Society",
  note="IEEE Std 1028-1988",
  key="IEEE",
  }

 @article{lecren.1965,
  author="{Le Cren}, E D",
  year=1965,
  title="A note on the history of mark-recapture population estimates",
  journal="Journal of Animal Ecology",
  volume=34,
  pages="453--454"
  }

 @book{lincoln.1930,
  author="Lincoln, Fredrick C",
  year=1930,
  title="Calculating Waterfoul Abundance on the Basis of Banding
	Returns",
  publisher="U.S. Department of Agriculture",
  note="Circular 118"
  }

 @article{miller.1956,
   author="Miller, G A",
   year=1956,
   title="The Magic Number Seven, Plus or Minus Two: Some Limits on our 
	Capacity for Processing Information",
   journal="The Psychological Review",
   volume=63,
   pages="81--97"
   }

 @book{otis.1978,
  author="Otis, David L and Burnham, Kenneth P and White, Gary C and
	Anderson, David R",
  year=1978,
  title="Statistical Inference from Capture Data on Closed Animal
	Populations",
  publisher="The Wildlife Society",
  series="Wildlife Monographs",
  address="Bethesda, MD"
  }

 @inproceedings{parnas.1985,
  author="Parnas, Dave L. and Weiss, David M.",
  year=1985,
  title="Active design reviews: principles and practices",
  booktitle="Proceedings of the 8th International Conference on
        Software Engineering" ,
  month="Aug.",
  pages="215--222"
  }

 @article{rapps.1985,
  author="Rapps, S and Weyuker, E",
  year=1985,
  title="Selecting software test data using data flow information",
  journal="IEEE Trans. Software Eng.",
  volume="SE-11",
  month="Apr.",
  pages="367--375"
  }

 @inproceedings{votta.1993,
  author="Votta, Lawrence G.",
  year="1993",
  title="Does Every Inspection Need a Meeting?",
  booktitle="Proceedings of ACM SIGSOFT '93 Symposium on Foundations of
       Software Engineering" ,
  organization="Association for Computing Machinery",
  pages="",
  month="December"

  }


 @book{seber.1982,
  author="Seber, George A F",
  year=1982,
  title="The Estimation of Animal Abundance and Related Parameters",
  edition="second",
  publisher="MacMillan",
  address="New York",
  }

 @article{white.1980,
  author="White, L J and Cohen, E I",
  year=1980,
  title="A domain strategy for computer program testing",
  journal="IEEE Trans. Software Eng.",
  volume="SE-6",
  month="May",
  pages="247--257"
  }

@article{Boehm:VV,
	author = "Barry Boehm",
	title =  "Verifying and Validating Software Requirements and Design Specifications",
	journal = software, 
	volume = "1", number = "1",
	pages = "75--88",
	month = jan, year = 1984,
}


@article{schneid.1992,
	author = "G. Michael Schnieder and Johnny Martin and W. T. Tsai",
	title =  "An Experimental Study of Fault Detection in User Requirements",
	journal = tosem, 
	volume = "1", number = "2",
	pages = "188--204",
	month = "April", year = 1992,
}



@techreport{Wood:ELEV,
	author = "William G. Wood",
	title =  "Temporal Logic Case Study",
	institution = "Software Engineering Institute",
	number = "CMU/SEI-89-TR-24",
	address = "Pittsburgh, PA",
	month = "August", year  = 1989	
	}

@techreport{buck.1981,
	author="F.O. Buck",
	title="Indicators of Quality Inspections",
	institution="IBM System Communications Division",
	number="TR 21.802",
	address="Kingston, New York 12401",
	month="Spetember",
	year="1981"
	}

@techreport{Kirby:Cruise,
	author = "J. Kirby",
	title =  "Example NRL/SCR Software Requirements for an Automobile Cruise Control and
Monitoring System",
	institution = "Wang Institute of Graduate Studies",
	number = "TR-87-07",
	address = "",
	month = "July", year  = 1984	
	}

@techreport{vanSchouwen:WLMS,
	author = "J. vanSchouwen",
	title =  "The {A}-7 Requirements Model: Re-examination for Real-Time Systems and 
an Application to Monitoring Systems",
	institution = "Queen's University ",
	number = "TR-90-276",
	address = "Kingston, Ontario, Canada",
	month = "May", year  = 1990	
	}

@inproceedings {BW:Errors,
	author = {V. R. Basili and D. M. Weiss},
	title = {Evaluation of a Software Requirements Document By Analysis of Change Data},
	booktitle = icse5,
	address = {San Diego, CA},
	month = mar, year = 1981,
	pages = {314-323},
	label = {Basili & Weiss 81}
	}

@article(heninger80,
	author = "Kathryn L. Heninger",
	title = "{S}pecifying {S}oftware {R}equirements for {C}omplex {S}ystems:
		{N}ew {T}echniques and their {A}pplication",
	journal = tse,
	volume = "SE-6", number = 1,
	month = jan, year = 1980,
	pages = "2--13",
	key = "Heninger~80"
	)

@book {BHH:Statistics,
	author = {G. E. P. Box and W. G. Hunter and J. S. Hunter},
	title = {Statistics for Experimenters},
	publisher = {John Wiley \& Sons},
	address = {New York},
	year = {1978},
	label = {Box, Hunter, & Hunter 78}
	}

 @book {JSK:RMISR,
	author = {Charles M. Judd and Eliot R. Smith and Louise H. Kidder},
	title = {Research Methods in Social Relations},
	publisher = {Holt, Rinehart and Winston, Inc.},
	address = {Fort Worth, TX},
	year = {1991},
	edition = "sixth",
	}

 @article{wiel.1993,
  author="Vander Wiel, Scott A. and Votta, Lawrence G.",
  year=1993,
  title="Assessing Software Design Using Capture-Recapture Methods",
  journal="IEEE Trans. Software Eng.",
  volume="SE-19",
  month="November",
  pages="1045-1054"
  }

 @article{yu.1990,
  author="Yu, Weider D., Smith, D. Paul, and Huang, Steel T.",
  year="1990",
  title="Software Productivity Measurements",
  journal=attj,
  volume=71,
  month="May/June",
  pages="110-120"
  }
