@TechReport{Northrup06,
  author = 	 {Linda Northrup},
  title = 	 {Ultra-Large-Scale Systems: The Software Challenge of the Future},
  institution =  {Software Engineering Institute},
  year = 	 {2006}
}

