@Unpublished{Jones95,
  author = 	 "Capers Jones",
  title = 	 "Notes on the {ITT} Review System",
  year = {1995},
  note = {Personal communication.},
  month = {March}
}


@Article{Dedene95,
  author = 	 "Guido Dedene and Jean-Pierre DeVreese",
  title = 	 "Realities of Off-Shore Reengineering",
  journal = 	 "{IEEE} Computer",
  year = 	 "1995",
  volume = 	 "12",
  number = 	 "1",
  pages = 	 "35-45",
  month = 	 "January"
}



@Book{Yourdon93,
  author = 	 "Edward Yourdon",
  title = 	 "The Rise and Fall of the American Programmer",
  publisher = 	 "Yourdon Press",
  year = 	 "1993"
}


@Misc{Vertical95,
  author = 	 "Vertical, Inc.",
  title = 	 "Remote Inspections",
  howpublished = "vertical@nolan.com",
  year = 	 "1995"
}

@Misc{usenet-survey,
  author = 	 "Philip M. Johnson",
  title = 	 "A USENET survey on Inspection Usage",
  howpublished = "Conducted in the Spring and Fall of 1995 on
		  comp.software-eng and comp.testing.",
  year = 	 "1995"
}


