@ARTICLE{costa:pctex,
	AUTHOR = "H¨¦lio R. Costa and Marcio de O. Barros and Guilherme H. Travassos",
	TITLE = "A Risk Based Economical Approach For Evaluating Software Project Portfolios",
	JOURNAL = "ACM SIGSOFT Software Engineering Notes",
	YEAR = "2005",
	VOLUME = "30",
	NUMBER = "4",
	PAGES = "1--5",
	MONTH = Jul
}

@CONFERENCE{portfolio-cocomo2,
	AUTHOR = "Wiboon Jiamthubthugsin and Daricha Sutivong",
	TITLE = "Portfolio Management of Software Development Projects Using COCOMO II",
	BOOKTITLE = "Proceedings of the 28th International Conference on Software Engineering",
	YEAR = "2006",
	PAGES = "889--892"
}

@Misc{ibm:govern-sm,
  key =		 "Faq-O-Matic",
  title =	 "Development governance for software management",
  howpublished = "\url{http://www.ibm.com/developerworks/rational/library/oct07/dunn/index.html}"
}

@Misc{wiki:coverage,
	key = "Coverage",
	title = "Code coverage",
	howpublished = "\url{http://en.wikipedia.org/wiki/Code_coverage}"
}

@Misc{wiki:coupling,
	key = "Coupling",
	title = "Coupling (computer science)",
	howpublished = "\url{http://en.wikipedia.org/wiki/Coupling_(computer_science)}"
}

@Misc{wiki:sloc,
	key = "SLOC",
	title = "Source lines of code",
	howpublished = "\url{http://en.wikipedia.org/wiki/Lines_of_code}"
}

@Misc{googlechart,
	key = "Google Chart API",
	title = "Google Chart API",
	howpublished = "\url{http://code.google.com/apis/chart/}"
}

@ARTICLE{mccabe:complexity,
	AUTHOR = "Thomas J. McCabe",
	TITLE = "A Complexity Measure",
	JOURNAL = "IEEE Transactions on Software Engineering",
	YEAR = "1976",
	VOLUME = "2",
	NUMBER = "4",
	PAGES = "308--320",
	MONTH = Dec
}