@INPROCEEDINGS{fnet_defence, 
author={Gardner, R.M. and Yilu Liu}, 
booktitle={Technologies for Homeland Security, 2007 IEEE Conference on}, 
title={FNET: A Quickly Deployable and Economic System to Monitor the Electric Grid}, 
year={2007}, 
month={May}, 
pages={209-214}, 
keywords={Internet;national security;power engineering computing;power grids;Internet-based frequency monitoring network;electric grid;homeland security;Event detection;Frequency estimation;Frequency measurement;Frequency synchronization;IP networks;Low voltage;Monitoring;Network servers;Power system measurements;Terrorism}, 
doi={10.1109/THS.2007.370047},}

@INPROCEEDINGS{pq_effect1,
author={Minas Patsalides Demetres Evagorou George Makrides Zenon Achillides George E.Georghiou Andréas Stavrou Venizelos Efthymiou Bastian Zinsser Wolfgang Schmitt Jürgen H. Werner}, 
booktitle={Technologies for Homeland Security, 2007 IEEE Conference on}, 
title={The Effect of Solar Irradiance on the Power Quality Behaviour of Grid Connected Photovoltaic Systems}, 
year={2007}, 
month={March}
}

@INPROCEEDINGS{pq_effect2,
author={Yi Zhang and Songzhe Zhu and Sparks, R. and Green, I.}, 
booktitle={Power and Energy Society General Meeting, 2012 IEEE}, 
title={Impacts of solar PV generators on power system stability and voltage performance}, 
year={2012}, 
month={July}, 
pages={1-7}, 
keywords={AC generators;photovoltaic power systems;power system transient stability;solar power stations;CAISO;California ISO;distribution system;full-converter model;large-scale installation;power system stability;reactive power capabilities;reactive power response;solar PV generator interconnections;solar PV projects;solar photovoltaic generators;transient stability;transmission system;voltage impact mitigation;voltage performance;voltage response;Generators;Integrated circuit interconnections;Inverters;Load modeling;Oscillators;Reactive power;Transient analysis;Generator interconnection;Modeling;Oscillation;Renewable energy;Solar PV;Stability}, 
doi={10.1109/PESGM.2012.6344990}, 
ISSN={1944-9925},}

@INPROCEEDINGS{pq_onto1, 
author={Kucuk, D. and Salor, O. and Inan, T. and Cadirci, I.}, 
booktitle={Computer and Information Sciences, 2008. ISCIS '08. 23rd International Symposium on}, 
title={Building an ontology for flexible power quality querying}, 
year={2008}, 
month={Oct}, 
pages={1-6}, 
keywords={distribution networks;ontologies (artificial intelligence);power engineering computing;transmission networks;Turkish electricity transmission system;distribution systems;electrical power quality;electrical transmission;flexible power quality querying ontology;generic domain ontology;large-scale systems;Electric variables measurement;Frequency measurement;Monitoring;Natural languages;Ontologies;Power measurement;Power quality;Power system harmonics;Standards development;Vocabulary}, 
doi={10.1109/ISCIS.2008.4717903},}

@ARTICLE{pq_class,
author={Zwe-Lee Gaing}, 
journal={Power Delivery, IEEE Transactions on}, 
title={Wavelet-based neural network for power disturbance recognition and classification}, 
year={2004}, 
month={Oct}, 
volume={19}, 
number={4}, 
pages={1560-1568}, 
keywords={capacitor switching;discrete wavelet transforms;harmonic distortion;neural nets;power engineering computing;power supply quality;power system faults;probability;signal classification;Parseval theorem;capacitor switching;discrete wavelet transform;energy distribution;harmonic distortion;momentary interruption;multiresolution-analysis technique;power-quality disturbance recognition;probabilistic neural-network;signal distortion;voltage sag;voltage swell;wavelet-based neural network classifier;Discrete wavelet transforms;Distortion;Energy resolution;Feature extraction;Neural networks;Power quality;Prototypes;Signal resolution;Testing;Voltage fluctuations;Parseval's theorem;power quality;probabilistic neural network;wavelet transform}, 
doi={10.1109/TPWRD.2004.835281}, 
ISSN={0885-8977},}

@ARTICLE{fnet_main, 
author={Yingchen Zhang and Markham, P. and Tao Xia and Lang Chen and Yanzhu Ye and Zhongyu Wu and Zhiyong Yuan and Lei Wang and Bank, J. and Burgett, J. and Conners, R.W. and Yilu Liu}, 
journal={Smart Grid, IEEE Transactions on}, 
title={Wide-Area Frequency Monitoring Network (FNET) Architecture and Applications}, 
year={2010}, 
month={Sept}, 
volume={1}, 
number={2}, 
pages={159-167}, 
keywords={power distribution reliability;power engineering computing;power system measurement;power system stability;power transmission reliability;smart power grids;wide area networks;North American power grid;phasor measurement unit;power distribution reliability;power grid stability;power transmission reliability;situational awareness;smart grid;synchrophasor measurement;wide-area frequency monitoring network architecture;Frequency;Monitoring;Phasor measurement units;Power grids;Power measurement;Power system analysis computing;Power system measurements;Power system reliability;Power system stability;Smart grids;Frequency disturbance recorder (FDR);frequency monitoring network (FNET);global positioning system (GPS);phasor measurement unit (PMU);synchrophasor;wide-area monitoring system (WAMS)}, 
doi={10.1109/TSG.2010.2050345}, 
ISSN={1949-3053},}

@ARTICLE{tony,
journal={OPQ Whitepapers},
title={OPQ Cloud: A scalable software framework for the aggregation of distributed power quality data},
author={Anthony Christe},
year={2014},
month={May},
}

@ARTICLE{ieee_pq, 
journal={IEEE Std 1159-1995}, 
title={IEEE Recommended Practice for Monitoring Electric Power Quality}, 
year={1995}, 
month={}, 
pages={i-}, 
keywords={IEEE standards;electromagnetic compatibility;electromagnetic interference;power measurement;power supply quality;power system measurement;AC power systems;EMC;EMI;IEEE standard;customer equipment;electric power quality monitoring;electromagnetic phenomena;polyphase systems;poor power quality;single phase;utility equipment}, 
doi={10.1109/IEEESTD.1995.79050},}

@INPROCEEDINGS{fnet_2, 
author={Wei Li and Gardner, R.M. and Jingyuan Dong and Lei Wang and Tao Xia and Yingchen Zhang and Yilu Liu and Guorui Zhang and Yusheng Xue}, 
booktitle={Power Systems Conference and Exposition, 2009. PSCE '09. IEEE/PES}, 
title={Wide area synchronized measurements and inter-area oscillation study}, 
year={2009}, 
month={March}, 
pages={1-8}, 
keywords={oscillations;power system interconnection;power system measurement;power system stability;power transmission faults;power transmission lines;statistical analysis;Eastern Interconnection;control method;frequency monitoring network;inter-area oscillation;low frequency oscillations;oscillation mode shape distribution;power system interconnection;statistical analysis;system stability;system topology;transmission line faults;wide area synchronized measurements;wide-area monitoring;Area measurement;Control systems;Frequency synchronization;Monitoring;Power system analysis computing;Power system interconnection;Power system measurements;Shape control;Stability analysis;Statistical analysis;FNET;frequency;mode shape;oscillation}, 
doi={10.1109/PSCE.2009.4840130},}

@MISC{pqube,
author = {Power Standards Lab},
title = {PQUBE Specifications.},
howpublished  = "\url{http://www.powerstandards.com/PQube.php }",
urldate = {2014-10-2}
}

@MISC{ac_scout,
author = {AC Scout},
title = {AC Scout Specifications.},
howpublished  = "\url{http://www.acscout.com/servlet/Detail?no=7 }",
urldate = {2014-10-2}
}

@MISC{NI_Instrument,
author = {National Instruments},
title = {NI862001 Specifications.},
howpublished  = "\url{http://sine.ni.com/nips/cds/view/p/lang/en/nid/210495 }",
urldate = {2014-10-2}
}

@MISC{OPQ,
title = {Open Power Quality},
howpublished  = "\url{http://openpowerquality.org/}",
urldate = {2014-10-2}
}

@MISC{OPQBox1Repository,
author = {Open Power Quality},
title = {OPQBox1 github repository.},
howpublished  = "\url{https://github.com/openpowerquality/opqbox1}",
urldate = {2014-10-2}
}

@MISC{OPQHubRepository,
author = {Open Power Quality},
title = {OPQHub github repository.},
howpublished  = "\url{https://github.com/openpowerquality/opqhub}",
urldate = {2014-10-2}
}

@MISC{MSP430AFE,
author = {Texas Instruments},
title = {MSP430AFE single-phase energy meter IC },
howpublished  = "\url{http://www.ti.com/lit/ml/slyt428/slyt428.pdf}",
urldate = {2014-10-2}
}

@MISC{RaspberryPI,
author = {Raspberry PI Foundation},
title = {Raspberry PI SBC Documentation},
howpublished  = "\url{http://www.raspberrypi.org/documentation/}",
urldate = {2014-10-2}
}




