

@inproceedings{Johnson89b,
  Author={P. Johnson},
  Title={Structural Evolution in Exploratory Software Development},
  Booktitle={AAAI 1989 Spring Symposium on Artificial Intelligence and Software Engineering},
  Year=1989,
  Month=May}


@book{Salthe85,
  Author={S. Salthe},
  Title={Evolving Hierarchical Systems},
  Publisher={Columbia University Press},
  Year=1985,
  Keywords={EM}}

@incollection{Skarra87,
  Author={A. Skarra and S. Zdonik},
  Title={Type evolution in an object-oriented database},
  Booktitle={Research Directions in Object Oriented Programming},
  Publisher={MIT Press},
  Year=1987,
  Editor={B. Shriver and P. Wegner}}

@book{Lehman85,
	title = {Program Evolution: Processes of Software Change},
	publisher = {Academic Press: NY},
	year = {1985},
	author = {M. Lehman and L. Belady}
}

@techreport{Johnson91,
  author = {P. Johnson},
  title  = {{EGRET}: An Evolutionary Group Research Environment},
  institution = {Department of Information and Computer Sciences, University
  of Hawaii},
  number = {91-11},
  year = 1991}

@techreport{Wiil90,
  author = {U. Wiil and K. Osterbye},
  title  = {Experiences with HyperBase--a multi-user back-end for Hypertext
            applications with emphasis on collaboration support},
  institution = {Department of Mathematics and Computer Science, University of 
                 Aalborg, Denmark.},
  number = {90-38},
  year = 1990}

@phdthesis{Johnson90,
	author = {P. Johnson},
	title = {Type Flow Analysis for Exploratory Software Development},
	school = {University of Massachusetts},
	year = {1990},
	address = {Amherst, MA 01002},
	month = {August},
	type = {{P}h.{D}. {T}hesis. {T}echnical {R}eport 90-64}
}

@inproceedings{Lee90,
	author = {Jintae Lee},
	title = {{SIBYL}: a tool for managing group decision rational},
	booktitle = {Proceedings of the 1990 Conference on Computer Supported Cooperative Work},
	year = {1990},
	pages = {79-92}
}

@article{Conklin88,
	author = {J. Conklin and L. Begeman},
	title = {g{IBIS}: A Hypertext Tool for Exploratory Policy Discussion},
	journal = TOOIS,
	year = {1988},
	volume = {6},
	number = {4},
	pages = {303-331},
	month = oct
}

@book{Beer85,
  Author={S. Beer},
  Title={Diagnosing the System for Organizations},
  Publisher={John Wiley and Sons},
  Year=1985}
