%% This BibTeX bibliography file was created using BibDesk.
%% http://bibdesk.sourceforge.net/


%% Created for George Lee at 2011-05-12 13:14:26 -1000 


%% Saved with string encoding Unicode (UTF-8) 



@misc{mongodb-deployments,
	Date-Added = {2011-05-12 12:09:16 -1000},
	Date-Modified = {2011-05-12 12:09:34 -1000},
	Howpublished = {\url{http://www.mongodb.org/display/DOCS/Production+Deployments}},
	Title = {Mongo {DB} production deployments}}

@misc{mongodb,
	Date-Added = {2011-05-12 12:05:44 -1000},
	Date-Modified = {2011-05-12 12:06:02 -1000},
	Howpublished = {\url{http://www.mongodb.org/}},
	Title = {Mongo {DB}}}

@misc{berkeleydb-datasheet,
	Date-Added = {2011-05-12 11:37:17 -1000},
	Date-Modified = {2011-05-12 13:14:26 -1000},
	Howpublished = {\url{http://www.oracle.com/technetwork/database/berkeleydb/berkeley-db-je-ds-066564.pdf}},
	Title = {Berkeley DB Java Edition Data Sheet}}

@misc{berkeley-isnt,
	Date-Added = {2011-05-12 11:11:19 -1000},
	Date-Modified = {2011-05-12 11:26:13 -1000},
	Howpublished = {\url{http://doc.gnu-darwin.org/intro/dbisnot.html}},
	Title = {What is {B}erkeley {DB} not?}}

@misc{derby-wiki,
	Date-Added = {2011-05-12 11:10:53 -1000},
	Date-Modified = {2011-05-12 11:26:02 -1000},
	Howpublished = {\url{http://wiki.apache.org/db-derby/HowItWorks}},
	Title = {Apache {D}erby Wiki}}

@misc{apachederby,
	Date-Added = {2011-05-12 11:05:30 -1000},
	Date-Modified = {2011-05-12 11:25:52 -1000},
	Howpublished = {\url{http://db.apache.org/derby/}},
	Title = {Apache {D}erby Project Page}}

@misc{makahiki,
	Date-Added = {2011-05-12 11:04:40 -1000},
	Date-Modified = {2011-05-12 11:24:11 -1000},
	Howpublished = {\url{http://github.com/keokilee/makahiki}},
	Title = {Makahiki Project Page}}

@misc{wattdepot,
	Date-Added = {2011-05-12 11:04:13 -1000},
	Date-Modified = {2011-05-12 11:26:20 -1000},
	Howpublished = {\url{http://code.google.com/p/wattdepot}},
	Title = {Watt{D}epot Project Page}}

@inproceedings{DBLP:conf/vldb/Litwin80,
	Author = {Witold Litwin},
	Bibsource = {DBLP, http://dblp.uni-trier.de},
	Booktitle = {VLDB},
	Ee = {db/conf/vldb/Litwin80.html},
	Pages = {212-223},
	Title = {Linear Hashing: A New Tool for File and Table Addressing},
	Year = {1980}}

@article{twotierdw,
	Author = {Leon Gong and Mike Olivas and Christine Posluszny and Donna Venditti and George McMillan},
	Journal = {IBM Developerworks},
	Month = {July},
	Note = {\url{http://www-128.ibm.com/developerworks/db2/library/techarticle/dm-0507gong/}},
	Title = {{Deliver an effective and flexible data warehouse solution, Part 2: Develop a warehouse data model}},
	Year = {2005}}
