@article{stern1992psychology,
  title={What psychology knows about energy conservation.},
  author={Stern, P.C.},
  journal={American Psychologist; American Psychologist},
  volume={47},
  number={10},
  pages={1224},
  year={1992},
  publisher={American Psychological Association}
}

@article{allcott2011social,
  title={Social norms and energy conservation},
  author={Allcott, H.},
  journal={Journal of Public Economics},
  volume={95},
  number={9},
  pages={1082--1095},
  year={2011},
  publisher={Elsevier}
}

@article{gneezy2011and,
  title={When and why incentives (don't) work to modify behavior},
  author={Gneezy, U. and Meier, S. and Rey-Biel, P.},
  journal={The Journal of Economic Perspectives},
  pages={191--209},
  year={2011},
  publisher={JSTOR}
}

@article{bekker2010encouraging,
  title={Encouraging electricity savings in a university residential hall through a combination of feedback, visual prompts, and incentives},
  author={Bekker, M.J. and Cumming, T.D. and Osborne, N.K.P. and Bruining, A.M. and McClean, J.I. and Leland Jr, L.S.},
  journal={Journal of applied behavior analysis},
  volume={43},
  number={2},
  pages={327},
  year={2010},
  publisher={Society for the Experimental Analysis of Behavior}
}

@article{Houde2013enejournal,
 title={Real-time Feedback and Electricity Consumption: A Field Experiment Assessing the Potential for Savings and Persistence},
 author={Sebastien Houde and Annika Todd and Anant Sudarshan and June A. Flora and K. Carrie Armel},
 journal={Energy Journal},
 volume={34},
 number={1},
 year={2013}
}

@article{faruqui2010impact,
  title={The impact of informational feedback on energy consumption—A survey of the experimental evidence},
  author={Faruqui, A. and Sergici, S. and Sharif, A.},
  journal={Energy},
  volume={35},
  number={4},
  pages={1598--1608},
  year={2010},
  publisher={Elsevier}
}

@techreport{allcott2012short,
  title={The short-run and long-run effects of behavioral interventions: Experimental evidence from energy conservation},
  author={Allcott, H. and Rogers, T.},
  year={2012},
  institution={National Bureau of Economic Research}
}

@article{borenstein2005long,
  title={The long-run efficiency of real-time electricity pricing},
  author={Borenstein, Severin.},
  journal={The Energy Journal},
  pages={93--116},
  year={2005},
  publisher={JSTOR}
}
