
@webpage{lucid,
	Author = {Lucid Design Group},
	Date-Added = {2010-04-07 12:09:56 -1000},
	Date-Modified = {2010-04-18 14:55:15 -1000},
	Title = {Building Dashboard For Schools},
	Url = {http://luciddesigngroup.com},
	Urldate = {4/7/2010},
	Bdsk-Url-1 = {http://luciddesigngroup.com}}

@article{oberlin-feedback,
	Author = {John E. Petersen, Vladislav Shunturov, Kathryn Janda, Gavin Platt, and Kate Weinberger},
	Date-Added = {2010-04-07 11:35:17 -1000},
	Date-Modified = {2010-04-07 11:38:59 -1000},
	Journal = {International Journal of Sustainability in Higher Education},
	Number = {1},
	Pages = {16-33},
	Title = {Dormitory Residents Reduce Electricity Consumption When Exposed to Real-Time Visual Feedback and Incentives},
	Volume = {8},
	Year = {2007}}

@article{energy-pledge,
	Annote = {http://jasonderuna.com/portfolio/energypledge/energypledge_chi09.pdf},
	Author = {James Pierce, Jason De Runa},
	Date-Added = {2010-04-26 11:40:21 -1000},
	Date-Modified = {2010-04-26 11:41:31 -1000},
	Journal = {Proceedings of CHI 2009},
	Month = {April},
	Title = {Energy pledge: Promoting resource conservation in college dormitories},
	Year = {2009}}

@webpage{wattdepot,
	Author = {Robert Brewer, Philip Johnson},
	Date-Added = {2010-04-07 17:24:19 -1000},
	Date-Modified = {2010-04-18 14:55:41 -1000},
	Title = {WattDepot},
	Url = {http://code.google.com/p/wattdepot},
	Urldate = {04/07/2010},
	Bdsk-Url-1 = {http://code.google.com/p/wattdepot}}

@webpage{django-cas,
	Date-Added = {2010-04-22 10:05:15 -1000},
	Date-Modified = {2010-04-22 10:05:25 -1000},
	Lastchecked = {4/21/2010},
	Url = {http://code.google.com/p/django-cas/},
	Bdsk-Url-1 = {http://code.google.com/p/django-cas/}}

@webpage{google-powermeter,
	Date-Added = {2010-04-21 13:37:21 -1000},
	Date-Modified = {2010-04-21 13:37:32 -1000},
	Lastchecked = {4/21/2010},
	Url = {http://www.google.com/powermeter/about/index.html},
	Bdsk-Url-1 = {http://www.google.com/powermeter/about/index.html}}

@webpage{wattdepot-rest,
	Date-Added = {2010-04-21 13:33:13 -1000},
	Date-Modified = {2010-04-21 13:33:25 -1000},
	Lastchecked = {4/21/2010},
	Url = {http://code.google.com/p/wattdepot/wiki/RestApi},
	Bdsk-Url-1 = {http://code.google.com/p/wattdepot/wiki/RestApi}}

@webpage{oberlin-goals,
	Date-Added = {2010-04-21 12:48:34 -1000},
	Date-Modified = {2010-04-21 12:48:41 -1000},
	Lastchecked = {4/21/2010},
	Url = {http://cs.oberlin.edu/~envs/goals/index.php},
	Bdsk-Url-1 = {http://cs.oberlin.edu/~envs/goals/index.php}}

@webpage{lucid-competitions,
	Date-Added = {2010-04-21 12:34:33 -1000},
	Date-Modified = {2010-04-21 12:34:46 -1000},
	Lastchecked = {4/21/2010},
	Url = {http://www.luciddesigngroup.com/energycompetitions.php},
	Bdsk-Url-1 = {http://www.luciddesigngroup.com/energycompetitions.php}}

@webpage{indiana-first,
	Date-Added = {2010-04-21 12:18:42 -1000},
	Date-Modified = {2010-04-21 12:19:06 -1000},
	Lastchecked = {4/21/2010},
	Url = {http://newsinfo.iu.edu/news/page/normal/8063.html},
	Bdsk-Url-1 = {http://newsinfo.iu.edu/news/page/normal/8063.html}}

@webpage{harvard-greencup,
	Date-Added = {2010-04-21 12:14:05 -1000},
	Date-Modified = {2010-04-21 12:14:19 -1000},
	Lastchecked = {4/21/2010},
	Url = {http://green.harvard.edu/greencup/history.php},
	Bdsk-Url-1 = {http://green.harvard.edu/greencup/history.php}}

@webpage{pinax,
	Date-Added = {2010-04-20 10:13:34 -1000},
	Date-Modified = {2010-04-20 10:13:51 -1000},
	Lastchecked = {4/20/2010},
	Url = {http://pinaxproject.com},
	Bdsk-Url-1 = {http://pinaxproject.com}}

@webpage{django,
	Date-Added = {2010-04-20 10:13:21 -1000},
	Date-Modified = {2010-04-20 10:13:31 -1000},
	Lastchecked = {4/20/2010},
	Url = {http://djangoproject.com},
	Bdsk-Url-1 = {http://djangoproject.com}}

@webpage{oberlin-news,
	Date-Added = {2010-04-20 10:08:41 -1000},
	Date-Modified = {2010-04-20 10:09:06 -1000},
	Lastchecked = {4/20/2010},
	Url = {http://new.oberlin.edu/newsletters/around-the-square/detail_page.dot?id=959035&issueUrl=/newsletters/around-the-square/2009/04/issue_02.dot&pageTitle=April%2016,%202009},
	Bdsk-Url-1 = {http://new.oberlin.edu/newsletters/around-the-square/detail_page.dot?id=959035&issueUrl=/newsletters/around-the-square/2009/04/issue_02.dot&pageTitle=April%2016,%202009}}

@webpage{oberlin-history,
	Date-Added = {2010-04-20 10:02:01 -1000},
	Date-Modified = {2010-04-20 10:02:17 -1000},
	Lastchecked = {4/20/2010},
	Url = {http://www.oberlin.edu/sustainability/about/history.html},
	Bdsk-Url-1 = {http://www.oberlin.edu/sustainability/about/history.html}}

@webpage{lucid-oberlin,
	Date-Added = {2010-04-20 09:59:48 -1000},
	Date-Modified = {2010-04-20 09:59:58 -1000},
	Lastchecked = {4/20/2010},
	Url = {http://www.luciddesigngroup.com/institutional.php?page=4},
	Bdsk-Url-1 = {http://www.luciddesigngroup.com/institutional.php?page=4}}

@webpage{oberlin-comp,
	Date-Added = {2010-04-19 16:19:21 -1000},
	Date-Modified = {2010-04-19 16:19:37 -1000},
	Lastchecked = {4/19/2010},
	Url = {http://www.oberlin.edu/dormenergy/},
	Bdsk-Url-1 = {http://www.oberlin.edu/dormenergy/}}

@webpage{duke-eco-lympics,
	Date-Added = {2010-04-18 14:55:59 -1000},
	Date-Modified = {2010-04-18 15:02:25 -1000},
	Lastchecked = {4/18/2010},
	Url = {http://www.duke.edu/web/env_alliance/games/},
	Year = {2006},
	Bdsk-Url-1 = {http://www.duke.edu/web/env_alliance/games/}}
