%%%%%%%%%%%%%%%%%%%%%%%%%%%%% -*- Mode: Bibtex -*- %%%%%%%%%%%%%%%%%%%%%%%%%%%%
%% psp.bib -- PSP Bibliography
%% Author          : Anne Disney
%% Created On      : Fri Nov  7 08:11:40 1997
%% Last Modified By: Philip Johnson
%% Last Modified On: Mon Sep 30 11:12:45 2002
%% RCS: $Id$
%%%%%%%%%%%%%%%%%%%%%%%%%%%%%%%%%%%%%%%%%%%%%%%%%%%%%%%%%%%%%%%%%%%%%%%%%%%%%%%
%%   Copyright (C) 1997 Philip Johnson
%%%%%%%%%%%%%%%%%%%%%%%%%%%%%%%%%%%%%%%%%%%%%%%%%%%%%%%%%%%%%%%%%%%%%%%%%%%%%%%
%%

%% If you are re-LaTeXing Anne's thesis, use 98-08.bib instead.		  
		  
@Book{Austin96,
  author = 	 "Robert D. Austin",
  title = 	 "Measuring and Managing Performance in Organizations",
  publisher = 	 "Dorset House Publishing",
  year = 	 "1996",
  abstract =     {Introduces the concept of measurement dysfunction, p. 36}
}


@Article{Basili84,
  author = 	 "Victor Basili and David Weiss",
  title = 	 "A methodology for collecting valid software engineering data",
  journal = 	 "{IEEE} Transactions on Software Engineering",
  year = 	 1984,
  volume = 	 {SE-10},
  number = 	 6,
  month = 	 "November"
}		  


@InBook{Boehm95,
  author = 	 "Barry Boehm and Bradford Clark and Ellis Horowitz and Ray Madachy and Richard Selby and Chris Westland",
  chapter = 	 "Cost Models for Future Software Lifecycles: {COCOMO 2.0}",
  title = 	 "Annals of Software Engineering",
  publisher = 	 {Kluwer Academic Publishers},
  year = 	 {1995}
}

@InProceedings{Ceberio-Verghese96,
  author = 	 "Anna Ceberio-Verghese",
  title = 	 "{P}ersonal {S}oftware {P}rocess:  A User's Perspective",
  editor = 	 "Nancy R. Mead",
  booktitle =    "Ninth Conference on Software Engineering Education",
  year = 	 1996,
  publisher =    "IEEE Computer Society Press",
  address = 	 "10662 Los Vaqueros Circle, P. O. Box 3014, Los Alamitos,
		  CA  90720-1264",
  month = 	 "April"
}

@MastersThesis{Dellien97,
  author = 	 "Olof Dellien",
  title = 	 "The {P}ersonal {S}oftware {P}rocess In Industry",
  school = 	 "Lund Institute of Technology (Sweden), 
		  Department of Communication Systems",
  year = 	 1997,
  month =	 "November",
  abstract = {Covers his experiences in introducing a modified form of PSP
		  into an industrial organization}
}

@MastersThesis{Disney98,
  type = {{M.S.} Thesis},
  number = {{ICS-TR}-98-08},
  author = 	 "Anne M. Disney",
  title = 	 "Data Quality Problems in the {P}ersonal {S}oftware {P}rocess",
  school = 	 "University of Hawaii",
  year = 	 "1998",
  month =	 "August"
}		  

@InProceedings{Disney98a,
  author = 	 "Anne M. Disney and Philip M. Johnson",
  title = 	 "Investigating Data Quality Problems in the {PSP}",
  booktitle =    "Proceedings of the {ACM} {SIGSOFT} Sixth International
		  Symposium on the Foundations of Software Engineering",
  year = 	 1998,
  address = {Lake Buena Vista, FL},		  
  month = 	 "November",
  pages = {143-152}		  
}
		  
@InProceedings{Emam96,
  author = 	 "Khaled El Emam and Barry Shostak and Nazim Madhavji",
  title = 	 "Implementing Concepts from the {P}ersonal {S}oftware {P}rocess
		  in an Industrial Setting",
  booktitle = "Proceedings of the Fourth International Conference on the
		  Software Process",
  year = 	 "1996",
  address = 	 "Brighton, England",
  month = 	 "December"
}

@BOOK{Ferguson89,
   AUTHOR = {George A. Ferguson and Yoshio Takane},
   PUBLISHER = {McGraw-Hill Book Company},
   TITLE = {Statistical Analysis In Psychology And Education},
   categories = {textbooks},
   EDITION = {6th},
   YEAR = 1989
}
		 		  
		  
@Article{Ferguson97,
  author = 	 "Pat Ferguson and Watts S. Humphrey and Soheil Khajenoori
		  and Susan Macke and Annette Matvya",
  title = 	 "Introducing the {P}ersonal {S}oftware {P}rocess: Three Industry 
		  Cases",
  journal = 	 "{IEEE} Computer",
  year = 	 1997,
  volume = 	 30,
  number = 	 5,
  pages = 	 "24-31",
  month = 	 "May",
  abstract = "The value of PSP has been shown in three case
                studies-three industrial software groups have used PSP and
                have collected data to show its effectiveness. They are:
                Advanced Information Services, Inc., Motorola Paging
                Products Group, and Union Switch and Signal Inc."
}


		  
@PhdThesis{Williams00,
  author = 	 {Laurie Ann Williams},
  title = 	 {The Collaborative Software Process},
  school = 	 {University of Utah},
  year = 	 {2000}
}

@TechReport{Hayes97,
  author = 	 "Will Hayes and James W. Over",
  title = 	 "The {{P}ersonal {S}oftware {P}rocess (PSP)}: An Empirical Study 
                  of the Impact of {PSP} on Individual Engineers",
  institution =  "Software Engineering Institute, Pittsburgh, PA.",
  year = 	 1997,
  number =	 "CMU/SEI-97-TR-001"
}

@Misc{Henry97,
  author = 	 "Joel Henry",
  title = 	 "{P}ersonal {S}oftware {P}rocess Studio",
  howpublished = "{http://www-cs.etsu.edu/softeng/psp/}",
  year = 	 1997
}

@Misc{Tuma00,
  author = 	 "David Tuma",
  title = 	 "{PSP} Dashboard",
  howpublished = "{http://processdash.sourceforge.net/}",
  year = 	 2000
}

		  
@Misc{Hilburn98,
  author = 	 "Tom Hilburn",
  title = 	 "The {Personal Software Process} in Education and Training",
  howpublished = "Forum for Advancing Software Engineering Education (www.cs.ttu.edu/fase/)",
  year = 	 "1998",
  month = 	 "February",
  volume = 	 "8",
  number = 	 "2"
}

@Book{Humphrey00,
  author = 	 "Watts S. Humphrey",
  title = 	 "Introduction to the Team Software Process",
  publisher = 	 "Addison-Wesley",
  year = 	 2000,
  address =      "New York"
}
		  
@InProceedings{Humphrey94,
  author = 	 "Watts Humphrey",
  title = 	 "The Personal Process in Software Engineering",
  pages = 	 "69-77",
  booktitle = "Proceedings of the Third International Conference on the
		  Software Process",
  year = 	 "1994"
}		  

@Article{Humphrey94a,
  author = 	 "Watts Humphrey",
  title = 	 "The {P}ersonal {S}oftware {P}rocess",
  journal =	 "Software Process Newsletter \#1",
  pages = {1-3},
  year =	 1994,
  month =	 "September"
}

@Book{Humphrey95,
  author = 	 "Watts S. Humphrey",
  title = 	 "A Discipline for Software Engineering",
  publisher = 	 "Addison-Wesley",
  year = 	 1995,
  address =      "New York"
}


		  
@Article{Humphrey95a,
  author = 	 "Watts Humphrey",
  title = 	 "Introducing the {P}ersonal {S}oftware {P}rocess",
  journal =	 "Annals of Software Engineering",
  Volume = 1,
  pages = {311-325},
  year =	 1995
}

@Article{Humphrey95b,
  author = 	 "Watts Humphrey",
  title = 	 "The Power of Personal Data",
  journal =	 "Software Process Improvement and Practice Journal",
  Volume = 1,
  pages = {69-81},
  year =	 1995
}
		  

@Article{Humphrey96,
  author = 	 "Watts S. Humphrey",
  title = 	 "Using a defined and measured {P}ersonal {S}oftware {P}rocess",
  journal = 	 "{IEEE} Software",
  year = 	 1996,
  volume = 	 13,
  number = 	 3,
  pages = 	 "77-88",
  month = 	 "May"
}	
		  		  
@Book{Humphrey97,
  author = 	 "Watts S. Humphrey",
  title = 	 "Introduction to the {P}ersonal {S}oftware {P}rocess",
  publisher = 	 "Addison-Wesley",
  year = 	 1997,
  address =      "New York"
}

		  
		  
@Article{Humphrey98a,
  author = 	 "Watts S. Humphrey",
  title = 	 "Three Dimensions of Process Improvement:  Process 
		  Maturity, The {P}ersonal {S}oftware {P}rocess, and The Team Process",
  journal =	 "CrossTalk",
  year =	 1998,
  month =	 "February, March, April"
}

@InProceedings{Khajenoori95,
  author = 	 "S. Khajenoori and I. Hirmanpour",
  title = 	 "An Experiential Report on the Implications of the
		  {P}ersonal {S}oftware {P}rocess for Software Quality Improvement",
  booktitle = "Proceedings of the Fifth International Conference on 
		  Software Quality",
  year = 	 "1995",
  pages = 	 "303-312",
  month = 	 "October"
}



@Article{Borstler02,
  author = 	 {Jurgen Borstler and David Carrington and Gregory Hislop and Susan Lisack and Keith Olson and Laurie Williams},
  title = 	 {Teaching {PSP}: Challenges and Lessons Learned},
  journal = 	 {{IEEE} Software},
  year = 	 2002,
  number = {5},
  volume = {19},
  month = {September}
}

@Article{Kness97,
  author = 	 "Steven P. Kness and Mark S. Satake",
  title = 	 "A {Level 5} Organization Looks at the {{P}ersonal {S}oftware {P}rocess}",
  journal =	 "CrossTalk",
  year =	 1997,
  month =	 "October",
  note =	 "Description of introduction of PSP into a level 3
		  programming group. No results yet."
}

@Misc{Moore98,
  author = 	 "Carleton Moore",
  title = 	 "Project {LEAP} Toolset",
  howpublished = "{http://csdl.ics.hawaii.edu/Tools/LEAP/LEAP.html}",
  year = 	 "1998"
}
		  
@Book{Paulk95,
  author = 	 "Mark Paulk and Charles Weber and Bill Curtis and Mary
		  Beth Chrissis",
  title = 	 "The Capability Maturity Model:  Guidelines for Improving the Software Process",
  publisher = 	 "Addison-Wesley",
  year = 	 1995,
  address = 	 "New York"
}

@InProceedings{Ramsey96,
  author = 	 "M. Ramsey",
  title = 	 "Experiences Teaching the {P}ersonal {S}oftware {P}rocess in
		  Academia and Industry",
  booktitle = "Proceedings of the 1996 SEPG Conference",
  year = 	 1996
}

@Misc{Resources98,
  key ="PSP Resources Page",
  title =	 "{PSP} Resources Page at the {University of Karlsruhe}",
  howpublished = "{http://wwwipd.ira.uka.de/$\sim$gramberg/PSP/}"
}
		  
@InProceedings{Sherdil96,
  author = 	 "Khalid Sherdil and Nazim H. Madhavji",
  title = 	 "Human-Oriented Improvement in the Software Process",
  booktitle =	 "Proceedings of the 5th European Workshop on Software
		  Process Technology",
  year =	 1996,
  month =	 "October"
}

@Article{Shostak96,
  author = 	 "Barry Shostak",
  title = 	 "Adapting the {P}ersonal {S}oftware {P}rocess to Industry",
  journal =	 "Software Process Newsletter \#5",
  year =	 1996,
  month =	 "Winter"
}

@InProceedings{Wohlin98,
  author = 	 "Claes Wohlin and Per Runeson",
  title = 	 "Understanding Software Defect Detection in the {P}ersonal
		  {S}oftware {P}rocess",
  booktitle =    "Proceedings of the Ninth International Symposium on
		  Software Reliability Engineering",
  year = 	 1998,
  address = 	 "Paderborn, Germany",
  month = 	 "November"
}



@Article{Wohlin98a,
  author = 	 "Claes Wohlin",
  title = 	 "The {P}ersonal {S}oftware {P}rocess as a Context for Empirical Studies",
  journal =	 "Software Process Newsletter \#12",
  pages={7-12},		  
  year =	 1998,
  month =	 "Spring"
}

@Misc{Zelkowitz99,
  author =	 {Marvin Zelkowitz},
  title =	 {Establishing a measurement program: Guidelines from the {SEL}},
  howpublished = {Course Notes, MSWE 609},
  year =	 {1999}
}

