%%%%%%%%%%%%%%%%%%%%%%%%%%%%%% -*- Mode: Bibtex -*- %%%%%%%%%%%%%%%%%%%%%%%%%%%%
%% powerquality.bib
%% Author          : Philip Johnson
%% Created On      : Tue Mar 31 11:44:58 2009
%% Last Modified By: Philip Johnson
%% Last Modified On: Wed Dec 16 15:29:18 2009
%% RCS: $Id$
%%%%%%%%%%%%%%%%%%%%%%%%%%%%%%%%%%%%%%%%%%%%%%%%%%%%%%%%%%%%%%%%%%%%%%%%%%%%%%%
%%   Copyright (C) 2009 
%%%%%%%%%%%%%%%%%%%%%%%%%%%%%%%%%%%%%%%%%%%%%%%%%%%%%%%%%%%%%%%%%%%%%%%%%%%%%%%
%% 

@Comment From Desiree.ppt:

@Comment Gardner, R.M.; Yilu Liu, "FNET: A Quickly Deployable and Economic System to Monitor the Electric Grid," Technologies for Homeland Security, 2007 IEEE Conference on , vol., no., pp.209,214, 16-17 May 2007doi: 10.1109/THS.2007.370047

@Comment Yingchen Zhang; Markham, P.; Tao Xia; Lang Chen; Yanzhu Ye; Zhongyu Wu; Zhiyong Yuan; Lei Wang; Bank, J.; Burgett, J.; Conners, R.W.; Yilu Liu, "Wide-Area Frequency Monitoring Network (FNET) Architecture and Applications," Smart Grid, IEEE Transactions on , vol.1, no.2, pp.159,167, Sept. 2010

@Comment Yanzhu Ye; Yilu Liu, "Monitoring power system disturbances based on distribution-level phasor measurements," Innovative Smart Grid Technologies (ISGT), 2012 IEEE PES , vol., no., pp.1,8, 16-20 Jan. 2012

@Comment Z. Zhong, C. Xu, B. J. Billian, L. Zhang, S.-J. S. Tsai, R. W. Conners, V. A. Centeno, A. G. Phadke, and Y. Liu, "Power System Frequency Monitoring Network (FNET) implementation," IEEE Transactions on Power Systems, vol. 20, pp. 1914-1921, 2005. 

@Comment Lei Wang; Burgett, J.; Jian Zuo; Chun Chun Xu; Billian, B.J.; Conners, R.W.; Yilu Liu, "Frequency Disturbance Recorder Design and Developments,"Power Engineering Society General Meeting, 2007. IEEE , vol., no., pp.1,7, 24-28 June 2007

@Comment C. Xu, Z. Zhong, V.A. Centeno, R.W. Conners and Y. Liu, "Practical Issues in Frequency Disturbance Recorder Design for Wide-Area Monitoring", Electrical Power Quality and Utilization Journal, Vol. XI. No. 1. July 2005. pp. 69-76. 

@Comment Lang Chen; Markham, P.; Chien-fei Chen; Yilu Liu, "Analysis of societal event impacts on the power system frequency using FNET measurements,"Power and Energy Society General Meeting, 2011 IEEE , vol., no., pp.1,8, 24-29 July 2011''

@Misc{opqbox2,
  author={Sergey Negrashov},
  title={OPQBox2},
  howpublished={\url{http://openpowerquality.org/opqbox2/}}
}

@Misc{g1-pilot-study,
  author={Philip Johnson},
  title={Results of the G1 Pilot Study},
  howpublished={\url{http://openpowerquality.org/technology/g1-pilot-study.html}}
}

@Misc{ITIC,
  author={Mark Stephens},
  title={Power Quality Standards: CBEMA, ITIC, SEMI F47, IEC 61000-4-11/34},
  howpublished={\url{https://www.sceg.com/docs/librariesprovider5/pdfs/powerqualitystandards.pdf}}
}


@Misc{iot,
  author={Wikipedia},
  title={{Internet of Things}},
  howpublished={\url{http://en.wikipedia.org/wiki/Internet_of_Things}}
}


@TechReport{Zhang2007,
  author = 	 {P. Zhang and J. Chen and M. Shao},
  title = 	 {Phasor Measurement Unit Implementation and Applications},
  institution =  {Electric Power Research Institute},
  year = 	 2007,
  month = 	 {November}}


@Misc{Rodriguez2010,
  author = 	 {Jonathan Rodriguez and Gavin Saldanha},
  title = 	 {No harmony in harmonics},
  howpublished = {Eaton Power Systems White Paper, \url{http://www.eaton.com/ecm/idcplg?IdcService=GET_FILE&allowInterrupt=1&RevisionSelectionMethod=LatestReleased&Rendition=Primary&dDocName=WP10-03}},
  month = 	 {January},
  year = 	 2010}

@Article{Zhang2010,
  author = 	 {Y. Zhang and P. Markham},
  title = 	 {Wide-Area Frequency Monitoring Network {(FNET)} Architecture and Applications},
  journal = 	 {IEEE Transactions on the Smart Grid},
  year = 	 2010,
  volume = 	 1,
  number = 	 2,
  month = 	 {September}}




% Bottom of page 10: MAIFI counts cases where line voltage drops to zero for three to five minutes, which does not capture destructive power quality events lasting from a few cycles to a few seconds from falling trees, lightning strikes, and the loss of one phase due a blown fuse. 
@TechReport{Rouse2011,
  author = 	 {Greg Rouse and John Kelly},
  title = 	 {Electricity Reliability: Problems, Progress, and Policy Solutions},
  institution =  {Galvin Electricity Initiative},
  year = 	 2011,
  month = 	 {February},
  note = 	 {\url{http://www.galvinpower.org/sites/default/files/Electricity_Reliability_031611.pdf}}}

@TechReport{LaCommare2004,
  author = 	 {Kristina LaCommare and Joseph Eto},
  title = 	 {Understanding the cost of power interruptions to {U.S.} electricity consumers},
  institution =  {Environment Energy Technologies Division, Lawrence Berkeley National Laboratory},
  year = 	 2004,
  type = 	 {{LBNL-55718}},
  note = {\url{http://certs.lbl.gov/pdf/55718.pdf}},
  month = 	 {September}}





@Book{Moreno-Munoz2007,
  author = 	 {A. Moreno-Munoz and J. de la Rosa},
  title = 	 {Electronic loads and power quality},
  publisher = 	 {Springer},
  year = 	 2007}

@InProceedings{Dorr1992,
  author = 	 {D. Dorr},
  title = 	 {{National Power Laboratory} power quality study based on 600 site-months},
  booktitle = {14th International Telecommunications Energy Conference},
  year = 	 1992,
  month = 	 {October}}

@TechReport{Eto2008,
  author = 	 {Joseph Eto and Kristina LaCommare},
  title = 	 {Tracking the reliability of the {U.S.} power system: an assessment of publicly available information reported to state public utility commissions},
  institution =  {Environment Energy Technologies Division, Lawrence Berkeley National Laboratory},
  type = 	 {{LBNL-1092E}},
  year = 	 2008,
  note = 	 {\url{http://certs.lbl.gov/pdf/lbnl1092e-puc-reliability-data.pdf}}}

@InProceedings{Zhao2009,
  author = 	 {W. Zhao and X. Chen and Y. Cao and M. Peng},
  title = 	 {A novel method of fault diagnosis based on synchronized phasor measuring and flow fingerprint identification technology},
  booktitle = {International Conference on Sustainable Power Generation and Supply},
  year = 	 2009}

@Misc{pqube,
  author = 	 {Power Standards Lab},
  title = 	 {{PQube} electric power measurement instrument},
  howpublished = {\url{http://www.powerstandards.com/PQube.php}},
  year = 	 2013}

@Misc{opq-github,
  author = 	 {Philip Johnson},
  title = 	 {Open Power Quality (GitHub)},
  howpublished = {\url{https://github.com/openpowerquality}},
  year = 	 2013}

@Misc{opq-protocol,
  author = 	 {Anthony Christe and Sergey Negrashov},
  title = 	 {{OPQ} Communication Protocol},
  howpublished = {\url{https://github.com/openpowerquality/opq/wiki/OPQ-Communication-Protocol}},
  year = 	 2013}

@Misc{opq-site,
  author = 	 {Philip Johnson},
  title = 	 {Open Power Quality (website)},
  howpublished = {\url{https://openpowerquality.org}},
  year = 	 2013}

@Misc{frogwatch,
  author = 	 {Association of {Zoos} and {Aquariums}},
  title = 	 {Frogwatch},
  howpublished = {\url{http://www.aza.org/frogwatch/}},
  year = 	 2013}

@Article{Balough2011,
  author = 	 {C. Balough},
  title = 	 {Privacy implications of smart meters},
  journal = 	 {Chicago-Kent Law Review},
  year = 	 2011,
  volume = 	 86,
  number = 	 1}

@Article{Fatemi2014,
  author = 	 {S. Fatemi and A. Kuh and M. Fripp},
  title = 	 {Online and Batch Methods for Solar Radiation Forecasting under Asymmetric Cost Functions},
  journal = 	 {to appear in: IEEE Transactions on Neural Networks and Learning Systems},
  year = 	 2014}


@Misc{urbancoyote,
  author = 	 {{Audubon Society of Portland}},
  title = 	 {Urban Coyote},
  howpublished = {\url{http://urbancoyoteproject.weebly.com/}},
  year = 	 2013}

@Misc{cosmoquest,
  author = 	 {{STEM Center at Southern Illinois University}},
  title = 	 {Cosmoquest},
  howpublished = {\url{http://cosmoquest.org/projects/mercury_mappers/}},
  year = 	 2013}

@Misc{switch,
  author = 	 {Matthias Fripp},
  title = 	 {Switch Model (website)},
  howpublished = {\url{http://sourceforge.net/projects/switch-model/}},
  year = 	 2012}

@Misc{home-internet-access,
  author = 	 {US Census Bureau},
  title = 	 {Computer and Internet Access in the {United States} (2012)},
  howpublished = {\url{https://www.census.gov/hhes/computer/publications/2012.html}},
  year = 	 2012}




@Misc{lvm,
  author = 	 {Hawaiian Electric Company},
  title = 	 {Locational Value Map},
  howpublished = {\url{http://www.hawaiianelectric.com/portal/site/heco/lvmsearch}},
  year = 	 2014}


@InProceedings{Liu2010,
  author = 	 {Z. Liu and M. Ilic},
  title = 	 {Toward {PMU}-based robust automatic voltage control and automatic flow control},
  booktitle = {IEEE Power and Energy Society General Meeting},
  year = 	 2010}

@InProceedings{Gao2012,
  author = 	 {F. Gao and J. Thorp and A. Pal and S. Gao},
  title = 	 {Dynamic state prediction based upon Auto-Regressive {(AR)} model using {PMU} data},
  booktitle = {Power and Energy Conference at Illinois},
  year = 	 2012}

@InProceedings{Liu2009,
  author = 	 {X.Liu and L. Ying and Z. Liu and Z. Huang and Y. Miao and Q. Jiang and W. Chen},
  title = 	 {A novel fast transient stability prediction method based upon {PMU}},
  booktitle = {Power and energy society},
  year = 	 2009}

@Article{Church2005,
  author = 	 {George Church},
  title = 	 {The personal genome project},
  journal = 	 {Molecular Systems Biology},
  year = 	 2005,
  volume = 	 1,
  number = 	 1}

@Book{Hammack2010,
  author = 	 {Bill Hammack},
  title = 	 {Why engineers need to grow a long tail},
  publisher = 	 {Articulate Noise Books},
  year = 	 2010}

@Article{Estelles-Aroles2012,
  author = 	 {Enrique Estelles-Aroles and Fernando Gonzales-Ladron-de-Guevara},
  title = 	 {Towards an integrated crowdsourcing definition},
  journal = 	 {Journal of Information Science},
  year = 	 2012,
  volume = 	 38,
  number = 	 2}

@InProceedings{Meier2014,
  author = 	 {A. von Meier and D. Culler and A. McEachern and R. Arghandeh},
  title = 	 {Micro-synchrophasers for distribution systems},
  booktitle = {IEEE Innovative Smart Grid Technologies Conference},
  year = 	 2014}

@Misc{Meier2013,
  author = 	 {A. von Meier},
  title = 	 {Micro-synchrophasers for distribution systems},
  howpublished = {\url{http://pqubepmu.com/about.php}},
  year = 	 2013}

@Misc{acscout,
  author = 	 {AC Scout},
  title = 	 {{AC} Scout},
  howpublished = {\url{http://www.acscout.com}},
  year = 	 2013}



@PhdThesis{Markham2012,
  author = 	 {Penn Markham},
  title = 	 {Data Mining and Machine Learning Applications of Wide-Area Measurement Data in Electric Power Systems},
  school = 	 {University of Tennessee},
  year = 	 2012}


@Article{Laskar2012,
  author = 	 {S. Laskar and M. Mohibullah},
  title = 	 {Power quality issues and need of intelligent {PQ} monitoring in the smart grid environment},
  journal = {International Journal of Emerging Technology and Advanced Engineering},
  year = 	 2012,
  volume = 	 2,
  number = 	 9,
  month = 	 {September}}




@Misc{kukuicup,
  author = 	 {Kukui Cup home page},
  howpublished = {\url{http://kukuicup.org}}}

@Misc{makahiki,
  author = 	 {Makahiki home page},
  howpublished = {\url{http://makahiki.io}}}

