@Book{Beck03,
  author =       "Kent Beck", 
  title =        "{T}est-{D}riven {D}evelopment by {E}xample",
  publisher =    "Addison Wesley", 
  year =         "2003"
}


@Article{Basili85,
  author = 	 {V. Basili and R. Selby},
  title = 	 {Comparing the Effectiveness of Software Testing Strategies},
  journal = 	 {{IEEE} Transactions on Software Engineering},
  year = 	 {1987},
  month =	 {December}
}



@Article{Basili95,
  author = 	 {V. Basili and M. Zelkowitz and F. McGarry and J. Page and S. Waligora and R. Pajerski},
  title = 	 {Special Report: {SEL}'s Software Process-Improvement Program},
  journal = 	 {{IEEE} Software},
  year = 	 {1995},
  volume =	 {12},
  number =	 {6},
  month =	 {November}
}



@Article{Basili96,
  author = 	 {V. Basili and S. Green and O. Laitenberger and F. Shull and S. Sorumgaard and M. Zelkowitz},
  title = 	 {The Empirical Investigation of Perspective-based Reading},
  journal = 	 {International Journal of Empirical Software Engineering},
  year = 	 {1996},
  volume =	 {1},
  number =	 {2},
  month =	 {October}
}


@Article{Basili99,
  author = 	 {V. Basili and F. Shull and F. Lanubile},
  title = 	 {Building Knowledge through Families of Experiments},
  journal = 	 {{IEEE} Transactions on Software Engineering},
  year = 	 {1999},
  volume =	 {25},
  number =	 {4}
}

@Article{Basili01,
  author = 	 {V. Basili and B. Boehm},
  title = 	 {{COTS}-based Systems Top 10 List},
  journal = 	 {{IEEE} Computer},
  year = 	 {2001},
  volume =	 {34},
  month = {May},
  number =	 {5}
}



@Article{Boehm01,
  author = 	 {B. Boehm and V. Basili},
  title = 	 {Software Defect Reduction Top 10 List},
  journal = 	 {{IEEE} Computer},
  year = 	 {2001},
  volume =	 {34},
  month = {January},
  number =	 {1}
}

@InProceedings{Carver04,
  author = 	 {J. Carver and S. Asgari and V. Basili and L. Hochstein and J. Hollingsworth and F. Shull and M. Zelkowitz},
  title = 	 {Studying Code Development for High Performance Computing: The {HPCS} Program},
  booktitle =	 {Proceedings of the Workshop on Software Engineering for High Productivity Computing Systems Applications},
  year =	 {2004},
  editor =	 {P. Johnson},
  address =	 {Edinburgh, Scotland},
  month =	 {May}
}

@Article{Shull04,
  author = 	 {Forrest Shull and Manoel Mendonca and Victor Basili and Jeffrey Carver and Jose Maldonado and Sandra Fabbri and Guilherme Travassos and Maria Ferreira},
  title = 	 {Knowledge-Sharing Issues in Experimental Software Engineering},
  journal = 	 {International Journal of Empirical Software Engineering},
  year = 	 {2004},
  volume =	 {1},
  number =	 {9}
}



@Article{Maldonado05,
  author = 	 {Jose C. Maldonado and Emerson Doria and Lucuiana Martimiano and Sandra Fabbri and Jeffrey Carver and  Forrest Shull and Victor Basili and Manoel Mendonca},
  title = 	 {Perspective-Based Reading: A Replicated Experiment Focused on Individual Reviewer Effectiveness},
  journal = 	 {International Journal of Empirical Software Engineering},
  year = 	 {2005},
  volume =	 {10},
  number =	 {3},
  month =	 {September}
}



@Misc{hpcs,
  title = 	 {The {DARPA} High Productivity Computing Systems Program},
  howpublished = {http://www.highproductivity.org/}
}

@Misc{garageband,
  title = 	 {GarageBand},
  howpublished = {http://www.apple.com/ilife/garageband/}
}

@Misc{hpcs-meeting,
  title = 	 {High Productivity Team Workshop, {J}anuary, 2005},
  howpublished = {http://www.highproductivity.org/Meetings-events.htm}
}


@Book{pphec05,
  editor =	 {Ram Rajamony},
  title = 	 {Second Workshop on Productivity and Performance in High-End Computing},
  publisher = 	 {IEEE Computer Society},
  year = 	 {2005},
  address = {San Francisco, CA.},
  month =	 {February},
  note = {http://www.research.ibm.com/arl/pphec/}
}

@Book{sehpcs05,
  editor =	 {Philip M. Johnson},
  title = 	 {Second International Workshop on Software Engineering for High 
Performance Computing System Applications},
  publisher = 	 {Association for Computing Machinery},
  year = 	 {2005},
  month =	 {May},
  note = {http://csdl.ics.hawaii.edu/se-hpcs/}
}


@InProceedings{Votta05,
  author = 	 {Larry Votta and Susan Squires and Walter Tichy},
  title = 	 {What do programmers of parallel machines need? A survey},
  booktitle =	 {Second Workshop on Productivity and Performance in High-End Computing},
  address = {San Francisco, CA.},
  year =	 {2005}
}

@InProceedings{Ebcioglu05,
  author = 	 {Kemal Ebcioglu and Vijay Saraswat and Vivek Sarkar},
  title = 	 {X10: An experimental language for high productivity programming of scalable systems},
  booktitle =	 {Second Workshop on Productivity and Performance in High-End Computing},
  address = {San Francisco, CA.},
  year =	 {2005}
}

@InProceedings{Nystrom05,
  author = 	 {Nicholas Nystrom and John Urbanic and Christina Savinell},
  title = 	 {Understanding productivity through non-intrusive instrumentation and statistical learning},
  booktitle =	 {Second Workshop on Productivity and Performance in High-End Computing},
  year =	 {2005}
}

@InProceedings{Johnson05,
  author = 	 {Philip M. Johnson and Michael G. Paulding},
  title = 	 {Understanding {HPC} development through automated process and product measurement with 
{H}ackystat},
  booktitle =	 {Second Workshop on Productivity and Performance in High-End Computing},
  address = {San Francisco, CA.},
  year =	 {2005}
}

@InProceedings{Funk05,
  author = 	 {Andrew Funk and Victor Basili and Lorin Hochstein and Jeremy Kepner},
  title = 	 {Application of a Development Time Productivity Metric to Parallel Software Development},
  booktitle =	 {Second International Workshop on Software Engineering for High Performance
Computing System Applications},
  month = {May},
  year =	 {2005},
  address = {St. Louis, MO.}
}

@InProceedings{Numrich05,
  author = 	 {Robert Numrich and Lorin Hochstein and Victor Basili},
  title = 	 {A metric space for productivity measurement in software development},
  booktitle =	 {Second International Workshop on Software Engineering for High Performance
Computing System Applications},
  month = {May},
  year =	 {2005},
  address = {St. Louis, MO.}
}

@InProceedings{Post05,
  author = 	 {Douglass Post and Kendall Richard and Whitney Earl},
  title = 	 {Case study of the {F}alcon code project},
  booktitle =	 {Second International Workshop on Software Engineering for High Performance
Computing System Applications},
  month = {May},
  year =	 {2005},
  address = {St. Louis, MO.}
}

@InProceedings{Smith05,
  author = 	 {Burton Smith and David Mizell and John Gilbert and Viral Shah},
  title = 	 {Towards a timed markov process model of software development},
  booktitle =	 {Second International Workshop on Software Engineering for High Performance
Computing System Applications},
  month = {May},
  year =	 {2005},
  address = {St. Louis, MO.}
}



@Article{csdl2-04-11,
  author = 	 {Philip M. Johnson and Hongbing Kou and Michael G. Paulding and Qin Zhang and Aaron Kagawa and Takuya Yamashita},
  title = 	 {Improving Software Development Management through Software Project Telemetry},
  journal = 	 {{IEEE} Software},
  year = 	 {2005},
  month = 	 {August}
}

@TechReport{Basili05,
  author = 	 {Victor Basili and Marv Zelkowitz and Dag Sjoberg and Philip Johnson and Tony Cowling},
  title = 	 {Ownership of data, testbeds, and artifacts},
  institution =  {University of Maryland/Fraunhofer Institute USA Technical Report ???},
  year = 	 {2005}
}


@InBook{Feldman05,
  author =	 {Martha S. Feldman and Brian T. Pentland},
  editor = {Markus C. Becker},
  title = 	 {Handbook of Organizational Routines},
  chapter = 	 {Issues in empirical field studies of organizational routines},
  publisher = 	 {Edward Elgar, Cheltenham},
  year = 	 {2005 (expected)},
}

@InBook{Pentland05,
  author =	 {Brian T. Pentland},
  editor =	 {Joel Baum and Bill McKelvey},
  title = 	 {Variations in Organization Science: Essays in Honor of Donald T. Campbell},
  chapter = 	 {Organizations As Networks Of Action},
  publisher = 	 {Thousand Oaks, CA: Sage},
  year = 	 {2005 (expected)}
}


@Article{Gustafson04,
  author = 	 {John Gustafson},
  title = 	 {Purpose-Based Benchmarks},
  journal = 	 {International Journal of High Performance Computing Applications},
  year = 	 {2004},
  volume =	 {18},
  number =	 {4},
  month =	 {November}
}



@Proceedings{ijhpca04,
  title = 	 {Special Issue of the International Journal of High Performance Computing Applications on {HPC} Productivity},
  year = 	 {2004},
  editor =	 {Jeremy Kepner},
  volume = 	 {18},
  number =	 {4},
  month =	 {November}
}


@Misc{Hackystat,
  title =	 {Hackystat Developer Services Website},
  howpublished = {http://www.hackystat.org/}
}

