%% This BibTeX bibliography file was created using BibDesk.
%% http://bibdesk.sourceforge.net/


%% Created for George Lee at 2010-05-02 15:14:53 -1000 


%% Saved with string encoding Unicode (UTF-8) 



@misc{stanford-energybowl,
	Author = {Students For a Sustainable Stanford},
	Date-Added = {2010-05-02 15:08:51 -1000},
	Date-Modified = {2010-05-02 15:13:05 -1000},
	Howpublished = {\url{http://sustainability.stanford.edu/projects/energybowl.html}},
	Title = {{Conservation Cup} (formerly the {Energy Bowl} and {Water Derby})}}

@misc{ohio-first,
	Author = {Mother Nature Network},
	Date-Added = {2010-05-02 15:07:30 -1000},
	Date-Modified = {2010-05-02 15:11:59 -1000},
	Howpublished = {\url{http://www.mnn.com/local-reports/ohio/local-blog/residence-challenge-2010-motivates-ou-students-to-save-energy?magic_tabs_comment_callback_tab=0&referer=node/48882&args=a:1:{i:0;s:5:%2248882%22;}}},
	Month = {February},
	Title = {{Residence Challenge} 2010 motivates {OU} students to save energy},
	Year = {2010}}

@misc{rice-first,
	Author = {Jessica Johns Pool},
	Date-Added = {2010-04-28 16:00:44 -1000},
	Date-Modified = {2010-05-02 15:12:45 -1000},
	Howpublished = {\url{http://www.media.rice.edu/media/NewsBot.asp?MODE=VIEW&ID=10238}},
	Month = {November},
	Title = {Competition among colleges reduces {Rice's} carbon footprint},
	Year = {2007},
	Bdsk-Url-1 = {http://www.media.rice.edu/media/NewsBot.asp?MODE=VIEW&ID=10238}}

@misc{northwestern-first,
	Author = {James Shih},
	Date-Added = {2010-04-28 15:46:57 -1000},
	Date-Modified = {2010-05-02 14:39:52 -1000},
	Howpublished = {\url{http://www.nnntv.org/viewstory.php?story_id_key=827}},
	Month = {April},
	Title = {Students Battle It Out For the Environment},
	Year = {2006},
	Bdsk-Url-1 = {http://www.nnntv.org/viewstory.php?story_id_key=827}}

@misc{northeastern-first,
	Date-Added = {2010-04-28 15:37:15 -1000},
	Date-Modified = {2010-05-02 15:13:57 -1000},
	Howpublished = {\url{http://www.heat.neu.edu/events/full/38}},
	Lastchecked = {4/28/2010},
	Title = {{Northeastern HEAT Events}},
	Bdsk-Url-1 = {http://www.heat.neu.edu/events/full/38}}

@article{energy-pledge,
	Annote = {http://jasonderuna.com/portfolio/energypledge/energypledge_chi09.pdf},
	Author = {James Pierce, Jason De Runa},
	Date-Added = {2010-04-26 11:40:21 -1000},
	Date-Modified = {2010-04-26 11:41:31 -1000},
	Journal = {Proceedings of CHI 2009},
	Month = {April},
	Title = {Energy pledge: Promoting resource conservation in college dormitories},
	Year = {2009}}

@misc{django-cas,
	Date-Added = {2010-04-22 10:05:15 -1000},
	Date-Modified = {2010-05-02 15:13:18 -1000},
	Howpublished = {\url{http://code.google.com/p/django-cas/}},
	Lastchecked = {4/21/2010},
	Title = {Django {CAS Google Code} Website},
	Bdsk-Url-1 = {http://code.google.com/p/django-cas/}}

@misc{google-powermeter,
	Date-Added = {2010-04-21 13:37:21 -1000},
	Date-Modified = {2010-05-02 15:13:50 -1000},
	Howpublished = {\url{http://www.google.com/powermeter/about/index.html}},
	Title = {{Google Powermeter Website}},
	Bdsk-Url-1 = {http://www.google.com/powermeter/about/index.html}}

@misc{wattdepot-rest,
	Author = {Robert Brewer, Philip Johnson},
	Date-Added = {2010-04-21 13:33:13 -1000},
	Date-Modified = {2010-05-02 14:43:06 -1000},
	Howpublished = {\url{http://code.google.com/p/wattdepot/wiki/RestApi}},
	Title = {{WattDepot REST API Wiki}},
	Bdsk-Url-1 = {http://code.google.com/p/wattdepot/wiki/RestApi}}

@misc{oberlin-goals,
	Date-Added = {2010-04-21 12:48:34 -1000},
	Date-Modified = {2010-05-02 14:43:46 -1000},
	Howpublished = {\url{http://cs.oberlin.edu/~envs/goals/index.php}},
	Title = {{Oberlin Campus Resource Monitoring System - Goals and Explanations}},
	Bdsk-Url-1 = {http://cs.oberlin.edu/~envs/goals/index.php}}

@misc{lucid-competitions,
	Date-Added = {2010-04-21 12:34:33 -1000},
	Date-Modified = {2010-05-02 14:36:16 -1000},
	Howpublished = {http://www.luciddesigngroup.com/energycompetitions.php},
	Lastchecked = {4/21/2010},
	Title = {{Lucid Design Group Energy Competitions}},
	Bdsk-Url-1 = {http://www.luciddesigngroup.com/energycompetitions.php}}

@misc{indiana-first,
	Date-Added = {2010-04-21 12:18:42 -1000},
	Date-Modified = {2010-05-02 15:12:32 -1000},
	Howpublished = {\url{http://newsinfo.iu.edu/news/page/normal/8063.html}},
	Month = {April},
	Title = {{Briscoe, Teter} are "biggest loser" in {IU} energy conservation competition},
	Year = {2008},
	Bdsk-Url-1 = {http://newsinfo.iu.edu/news/page/normal/8063.html}}

@misc{harvard-greencup,
	Date-Added = {2010-04-21 12:14:05 -1000},
	Date-Modified = {2010-05-02 15:13:42 -1000},
	Howpublished = {\url{http://green.harvard.edu/greencup/history.php}},
	Title = {{Harvard Green Cup - History}},
	Bdsk-Url-1 = {http://green.harvard.edu/greencup/history.php}}

@misc{pinax,
	Date-Added = {2010-04-20 10:13:34 -1000},
	Date-Modified = {2010-05-02 14:45:54 -1000},
	Howpublished = {\url{http://pinaxproject.com}},
	Title = {Pinax Website},
	Bdsk-Url-1 = {http://pinaxproject.com}}

@misc{django,
	Date-Added = {2010-04-20 10:13:21 -1000},
	Date-Modified = {2010-05-02 14:46:15 -1000},
	Howpublished = {\url{http://djangoproject.com}},
	Title = {Django Website},
	Bdsk-Url-1 = {http://djangoproject.com}}

@misc{oberlin-news,
	Author = {Harmony Pringle},
	Date-Added = {2010-04-20 10:08:41 -1000},
	Date-Modified = {2010-05-02 14:47:06 -1000},
	Howpublished = {\url{http://new.oberlin.edu/newsletters/around-the-square/detail_page.dot?id=959035&issueUrl=/newsletters/around-the-square/2009/04/issue_02.dot&pageTitle=April%2016,%202009}},
	Month = {April},
	Title = {{Oberlin's Second Annual Ecolympics in Full Swing}},
	Year = {2009},
	Bdsk-Url-1 = {http://new.oberlin.edu/newsletters/around-the-square/detail_page.dot?id=959035&issueUrl=/newsletters/around-the-square/2009/04/issue_02.dot&pageTitle=April%2016,%202009}}

@misc{oberlin-history,
	Date-Added = {2010-04-20 10:02:01 -1000},
	Date-Modified = {2010-05-02 14:47:55 -1000},
	Howpublished = {\url{http://www.oberlin.edu/sustainability/about/history.html}},
	Title = {{Oberlin Office of Environmental Sustainability - History and Timeline}},
	Bdsk-Url-1 = {http://www.oberlin.edu/sustainability/about/history.html}}

@misc{lucid-oberlin,
	Date-Added = {2010-04-20 09:59:48 -1000},
	Date-Modified = {2010-05-02 14:48:49 -1000},
	Howpublished = {\url{http://www.luciddesigngroup.com/institutional.php?page=4}},
	Title = {Lucid Design Group - Institutional Customers},
	Bdsk-Url-1 = {http://www.luciddesigngroup.com/institutional.php?page=4}}

@misc{oberlin-comp,
	Date-Added = {2010-04-19 16:19:21 -1000},
	Date-Modified = {2010-05-02 14:49:22 -1000},
	Howpublished = {\url{http://www.oberlin.edu/dormenergy/}},
	Title = {Oberlin College Campus Resource Monitoring System},
	Bdsk-Url-1 = {http://www.oberlin.edu/dormenergy/}}

@misc{duke-eco-olympics,
	Date-Added = {2010-04-18 14:55:59 -1000},
	Date-Modified = {2010-05-02 15:13:31 -1000},
	Howpublished = {\url{http://www.duke.edu/web/env_alliance/games/}},
	Title = {{Duke Eco-Olympics} 2006},
	Bdsk-Url-1 = {http://www.duke.edu/web/env_alliance/games/}}

@misc{wattdepot,
	Author = {Robert Brewer, Philip Johnson},
	Date-Added = {2010-04-07 17:24:19 -1000},
	Date-Modified = {2010-05-02 14:37:59 -1000},
	Howpublished = {\url{http://code.google.com/p/wattdepot}},
	Title = {WattDepot},
	Bdsk-Url-1 = {http://code.google.com/p/wattdepot}}

@misc{lucid,
	Author = {Lucid Design Group},
	Date-Added = {2010-04-07 12:09:56 -1000},
	Date-Modified = {2010-05-02 14:37:35 -1000},
	Howpublished = {\url{http://luciddesigngroup.com}},
	Title = {Building Dashboard For Schools},
	Bdsk-Url-1 = {http://luciddesigngroup.com}}

@article{oberlin-feedback,
	Author = {John E. Petersen, Vladislav Shunturov, Kathryn Janda, Gavin Platt, and Kate Weinberger},
	Date-Added = {2010-04-07 11:35:17 -1000},
	Date-Modified = {2010-04-07 11:38:59 -1000},
	Journal = {International Journal of Sustainability in Higher Education},
	Number = {1},
	Pages = {16-33},
	Title = {Dormitory Residents Reduce Electricity Consumption When Exposed to Real-Time Visual Feedback and Incentives},
	Volume = {8},
	Year = {2007}}
