@misc{Hafner2011,
  Author= "David Hafner",
  Title = "Future Power Distribution Requirements for the {UH Manoa} Campus",
  Month = "November",
  Year = "2011",
  howpublished = "http://vimeo.com/35032779"
}
