@Comment                         -*- Mode: Bibtex -*- 
@Comment smartconsumer.bib -- 
@Comment Author          : Philip Johnson
@Comment Created On      : Sat Nov 28 09:45:59 2009
@Comment Last Modified By: Philip Johnson
@Comment Last Modified On: Thu Mar  4 11:52:08 2010


@Article{Becker78,
  author = 	 {Lawrence Becker},
  title = 	 {Joint Effect of Feedback and Goal Setting on Performance: A Field Study of Residential Energy Conservation},
  journal = 	 {Journal of Applied Psychology},
  year = 	 {1978},
  volume =	 {63},
  number =	 {4}
}

@article{Darby06,
    author = {Darby, Sarah},
    citeulike-article-id = {2162878},
    journal = {A Review for DEFRA of the Literature on Metering, Billing and direct Displays, April},
    keywords = {consumption, energy, env, feedback, office, residence, survey},
    posted-at = {2008-12-11 11:01:39},
    priority = {0},
    title = {The effectiveness of feedback on energy consumption},
    year = {2006}
}



@InProceedings{Dillahunt08,
  author = 	 {Tawanna Dillahunt and Geof Becker and Jennifer Mankoff and Robert Kraut},
  title = 	 {Motivating environmentally sustainable behavior changes with a virtual polar bear},
  booktitle =	 {Proceedings of the 2008 Workshop on Persuasive Technology and Environmental Sustainability},
  year =	 {2008},
  note =	 {\url{http://www.cs.cmu.edu/~tdillahu/index_files/Dillahunt08-Pervasive.pdf}}
}

@Article{Faiers07,
  author = 	 {Adam Faiers and Matt Cook and Charles Neame},
  title = 	 {Towards a contemporary approach for understanding consumer behavior in the context of domestic energy use},
  journal = 	 {Energy Policy},
  year = 	 {2007},
  volume =	 {35}
}



@Article{Faruqui09,
  author = 	 {Ahmad Faruqui and Sanem Sergici and Ahmed Sharif},
  title = 	 {The impact of informational feedback on energy consumption: A survey of the  experimental evidence},
  journal = 	 {Energy},
  year = 	 {2009},
  OPTnote = 	 {},
}

@Misc{Farhar09,
  author =	 {Barbara Farhar},
  title =	 {{SmartGridCity} Project: Community context and household perceptions},
  OPThowpublished = {Presentation at the 2009 Behavior, Energy, and Climate Change conference, Washington, {D.C.}},
  month =	 {November},
  year =	 {2009},
}


@Misc{Frank09,
  author =	 {Andy Frank},
  title =	 {Residential Energy Efficiency: It's the behavior, stupid.},
  howpublished = {\url{http://www.energycentral.com/intelligentutility/demandresponseandhan/articles/2036/Residential-Energy-Efficiency-It-s-the-Behavior-Stupid/}},
  month =	 {May},
  year =	 {2009}
}




@Booklet{Granade09,
  title = 	 {Unlocking energy efficiency in the {U.S.} Economy},
  author = 	 {Hannah Choi Granade},
  howpublished = {\url{http://www.mckinsey.com/usenergyefficiency}},
  address = 	 {McKinsey and Company},
  month =	 {July},
  year =	 {2009}
}


@InProceedings{Holmes07,
  author = 	 {Tiffany Holmes},
  title = 	 {Eco-visualization: Combining art and technology to reduce energy consumption},
  booktitle =	 {Proceedings of Creativity and Cognition},
  year =	 {2007},
  note = {\url{http://tiffanyholmes.com/wp-content/uploads/tiffanyholmes_docs/cc-79-holmes_2007.pdf}}
}

@Article{Houwelingen89,
  author = 	 {Jeannet H. van Houwelingen and W. Fred van Raaij},
  title = 	 {The Effect of Goal-Setting and Daily Electronic Feedback on In-Home Energy Use},
  journal = 	 {The Journal of Consumer Research},
  year = 	 {1989},
  volume =	 {16},
  number =	 {1},
  month =	 {June},
  note =	 {\url{http://www.jstor.org/stable/2489305}},
}



@Misc{Khan07,
  author =	 {Omar Khan},
  title = 	 {Better know your building: Building Data Explorer},
  howpublished = {\url{http://www.cs.berkeley.edu/~omar/vis/report.pdf}},
  month =	 {December},
  year =	 {2007}
}



@Misc{Khan09,
  author =	 {Omar Khan},
  title =	 {Google's PowerMeter Program},
  howpublished = {Presentation at the 2009 Behavior, Energy, and Climate Change conference, Washington, {D.C.}},
  month =	 {November},
  year =	 {2009},
}


@Misc{Kitajima09,
  author =	 {Kameron Kitajima},
  title =	 {Investigating energy efficiency and conservation behavior in {UC} Berkeley's Residence Halls},
  howpublished = {\url{http://nature.berkeley.edu/classes/es196/projects/2009final/KitajimaK_2009.pdf}},
  month =	 {May},
  year =	 {2009}
}



@InCollection{Lehrer09,
  author = 	 {David Lehrer},
  title = 	 {Visualizing Building Information},
  booktitle = 	 {Centerline},
  publisher =	 {Center for the Built Environment, University of California, Berkeley},
  year =	 {2009},
  note =	 {\url{http://www.cbe.berkeley.edu/centerline/winter2009.pdf}}
}

@Article{Lutzenhiser93,
  author = 	 {Loren Lutzenhiser},
  title = 	 {Social and behavioral aspects of energy use},
  journal = 	 {Annual Review of Energy and the Environment},
  year = 	 {1993},
  volume =	 {18},
  month =	 {November}
}



@InProceedings{Mankoff07,
  author = 	 {Jennifer Mankoff and Deanna Matthews and Susan R. Fussell and Michael Johnson},
  title = 	 {Leveraging Social Networks to Motivate Individuals to Reduce their Ecological Footprints},
  booktitle = {Proceedings of the 2007 Hawaii International Conference on System Sciences},
  year =	 {2007},
  note = {\url{http://research.stepgreen.org/site/uploads/Footprints/hicss07.pdf}}
}

@InProceedings{Grevet10,
  author = 	 {Catherine Grevet and Jennifer Mankoff and Scott Anderson},
  title = 	 {Design and evaluation of a social visualization aimed at encouraging sustainable behavior},
  booktitle = {Proceedings of the 2010 Hawaii International Conference on System Sciences},
  year =	 {2010},
  note = {\url{http://www.cs.cmu.edu/~assist/publications/09GrevetHicss.pdf}}
}


@TechReport{Markowitz09,
  author = 	 {Ezra Markowitz and Bob Doppelt},
  title = 	 {Reducing greenhouse gas emissions through behavioral change},
  institution =  {Climate Leadership Initiative, University of Oregon},
  year = 	 {2009},
  month =	 {January},
  note =	 {\url{http://climlead.uoregon.edu/pdfs/behavioral_change.pdf}}
}



@Article{McMakin02,
  author = 	 {Andrea McMakin and Elizabeth Malone and Regina Lundgren},
  title = 	 {Motivating residents to conserve energy without financial incentives},
  journal = 	 {Environment and Behavior},
  year = 	 {2002},
  volume =	 {34},
  number =	 {6},
  note =	 {\url{http://www1.eere.energy.gov/femp/pdfs/motivateresidentstoconservenergy.pdf}},
}



@Misc{MicrosoftSERA,
  author =       {{Microsoft Utilities Division}},
  title = 	 {Smart Energy Reference Architecture},
  year = 	 {2009},
  howpublished ={\url{http://www.microsoft.com/downloads/details.aspx?FamilyID=4344074e-b958-44a1-bff0-74d04444052e}}
}


@Misc{NETL:GridCharacteristics,
  author = 	 {{National Energy Technology Laboratory}},
  title = 	 {The Modern Grid Strategy: Characteristics of the Modern Grid},
  howpublished = {\url{http://www.netl.doe.gov/moderngrid/opportunity/vision_characteristics.html}},
  year = 	 {2008}
}

@Misc{NETL:EnablesActiveParticipation,
  author = 	 {{National Energy Technology Laboratory}},
  title = 	 {Smart Grid Principle Characteristics: Enables active participation by consumers},
  howpublished = {\url{http://www.netl.doe.gov/moderngrid/referenceshelf/whitepapers/Enables%20Active%20Participation%20by%20Consumers%20(Sept%202009).pdf}},
  month = {September},
  year = 	 {2009}
}



                  
@Misc{Odom08,
  author =	 {Will Odom and James Pierce and David Roedl},
  title = 	 {Design of a dormitory consumption visualization and new conceptual directions},
  howpublished = {\url{http://www.jamesjpierce.com/documentation/energy_challenge_08.pdf }},
  year =	 {2008}
}

@Misc{Lee10,
  author =	 {Alan Lee and Edwin Lim},
  title = 	 {Meter requirements for a {UH} dorm competition},
  howpublished = {\url{http://code.google.com/p/uh-dorm-energy-competition/wiki/MeterRequirementsResults}},
  year =	 {2010}
}



@Article{Peterson07,
  author = 	 {John E. Peterson and Vladislav Shunturov and Kathryn Janda and Gavin Platt and Kate Weinberger},
  title = 	 {Dormitory residents reduce electrical consumption when exposed to real-time feedback and incentives},
  journal = 	 {International Journal of Sustainability in Higher Education},
  year = 	 {2007},
  volume =	 {8},
  number =	 {1},
  note = {\url{http://www.luciddesigngroup.com/download.php?id=20070117}}
}

@InProceedings{Peterson07a,
  author = 	 {John Peterson and Michael E. Murray and Gavin Platt and Vladislav Shunturov},
  title = 	 {Using buildings to teach environmental stewardship: real-time display of environmental performance as a mechanism for educating, motivating, and empowering the student body},
  booktitle =	 {Proceedings of Greening the Campus VI},
  year =	 {2007},
  address =	 {Muncie, Indiana},
  month =	 {September},
  note = {\url{http://www.oberlin.edu/faculty/petersen/ColorPrint/Petersen2007BuildingsToTeachStewardship.pdf}}
}



@Misc{Peterson09,
  author =	 {John Peterson},
  title =	 {Employing multiple modes and scales of real-time feedback to engage, educate, motivate, and empower electricity and water conservation},
  howpublished = {Presentation at the 2009 Behavior, Energy, and Climate Change conference, Washington, {D.C.}},
  month =	 {November},
  year =	 {2009},
}

@InProceedings{Pierce08,
  author = 	 {J. Pierce and W. Odom and E. Blevis},
  title = 	 {Energy aware dwelling: A critical survey of interaction design for eco-visualizations},
  booktitle =	 {Proceedings of OZCHI 2008},
  year =	 {2008},
  publisher =	 {{ACM} Press},
  note = {\url{http://eli.informatics.indiana.edu/FINAL-energy-aware-dwelling.pdf}}
}



@InProceedings{Pierce09,
  author = 	 {James Pierce and Jason de Runa},
  title = 	 {Energy Pledge: Promoting Resource Conservation in College Dormitories},
  booktitle =	 {Proceedings of {CHI} 2009},
  year =	 {2009},
  address =	 {Boston, MA},
  month =	 {April},
  note =	 {\url{http://jasonderuna.com/portfolio/energypledge/energypledge_chi09.pdf}}
}

@Article{Geller81,
  author = 	 {E. Scott Geller},
  title = 	 {Evaluating energy conservation programs: Is verbal report enough?},
  journal = 	 {Journal of Consumer Research},
  year = 	 {1981},
  volume =	 {8},
  number =	 {3},
  month =	 {December},
  note = 	 {\url{http://www.jstor.org/stable/2488892}},
}

@Article{Staats04,
  author = 	 {H. Staats and P. Harland and H. Wilke},
  title = 	 {Effecting durable change: A team approach to improve environmental behavior in the household},
  journal = 	 {Environment and Behavior},
  year = 	 {2004}
}

@Article{Stone09,
  author = 	 {Andy Stone},
  title = 	 {Smart Meters: Not so sharp for consumers},
  journal = 	 {Forbes},
  year = 	 {2009},
  note ={\url{http://www.forbes.com/2009/10/21/smart-grid-utilities-business-energy-meters.html}}}

@TechReport{Vollink99,
  author = 	 {T. Voolink and R. Meertens},
  title = 	 {The effectiveness of electronic feedback on energy and hot water use by householders},
  institution =  {Maastricht University},
  year = 	 {1999}
}



@inproceedings{citeulike:3145244,
    author = {Stringer, M. and Fitzpatrick, G. and Chalmers, D. and Harris, E. and Krishna, R. and Haarlander, M.},
    booktitle = {Workshop on Ubiquitous Sustainability: Technologies for Green Values (at UbiComp 2007)},
    citeulike-article-id = {3145244},
    citeulike-linkout-0 = {http://www.cogs.susx.ac.uk/users/dc52/pubs.php?topic=research&#38;style=content&#38;content=pubs&#38;pub=ubicomp-workshop-2007},
    keywords = {display, energy, feedback},
    posted-at = {2008-08-21 15:59:17},
    priority = {2},
    title = {Kuckuck: Exploring Ways of Sensing and Displaying Energy
Consumption Information in the Home},
    url = {\url{http://www.cogs.susx.ac.uk/users/dc52/pubs.php?topic=research&#38;style=content&#38;content=pubs&#38;pub=ubicomp-workshop-2007}},
    year = {2007}
}


@Misc{Ecotricity,
  key = {Ecotricity},
  title =	 {Ecotricity {UK} Grid Live Website},
  howpublished = {\url{http://www.ecotricity.co.uk/about/live-grid-carbon-intensity}}
}

@Misc{StepGreen,
  key = {StepGreen},
  title =	 {{StepGreen} Website},
  howpublished = {\url{http://www.stepgreen.org/}}
}

@Misc{CurrentEnergy,
  key = {Current Energy},
  title =	 {{Current Energy} Website},
  howpublished = {\url{http://currentenergy.lbl.gov/}}
}

@Misc{Hackystat,
  key = {Hackystat},
  title =	 {Hackystat Project},
  howpublished = {\url{http://www.hackystat.org/}}
}

@Misc{WattDepot,
  key = {WattDepot},
  title =	 {{WattDepot} Home Page},
  howpublished = {\url{http://wattdepot.googlecode.com/}}
}

@Misc{WattDepotCLI,
  key = {WattDepotCLI},
  title =	 {{WattDepot-CLI} Home Page},
  howpublished = {\url{http://wattdepot-cli.googlecode.com/}}
}

@Misc{SustainableUH,
  key = {Sustainable UH},
  title =	 {{Sustainable UH} Home Page},
  howpublished = {\url{http://sustainable.hawaii.edu/}}
}

@Misc{KanuHawaii,
  key = {Kanu Hawaii},
  title =	 {{Kanu Hawaii} Home Page},
  howpublished = {\url{http://www.kanuhawaii.org/}}
}

@Misc{BluePlanetFoundation,
  key = {Blue Planet Foundation},
  title =	 {{Blue Planet Foundation} Home Page},
  howpublished = {\url{http://www.blueplanetfoundation.org/}}
}

@Misc{REIS,
  key = {Renewable Energy and Island Sustainability},
  title =	 {Renewable Energy and Island Sustainability Home Page},
  howpublished = {\url{http://reis.manoa.hawaii.edu/}}
}

@Misc{HECO,
  key = {Hawaiian Electric Company},
  title =	 {Hawaiian Electric Company Home Page},
  howpublished = {\url{http://www.heco.com/}}
}

@Misc{heco:moratorium,
  author = "Greg Wiles", 
  title =	 {Moratorium sought on solar installation},
  howpublished = {\url{http://kauai.honoluluadvertiser.com/apps/pbcs.dll/article?AID=/20100222/BUSINESS/2220308/1071}}
}

@Misc{HCEI,
  key = {Hawaiian Clean Energy Initiative},
  title =	 {Hawaii Clean Energy Initiative Home Page},
  howpublished = {\url{http://www.hawaiicleanenergyinitiative.org/}}
}

@InProceedings{DeWaters09,
  author = 	 {J. E. DeWaters and S. E. Powers},
  title = 	 {Development and use of an energy literacy survey},
  booktitle =	 {Proceedings of the 38th {ASES} National Solar Conference},
  year =	 {2009},
  address =	 {Buffalo, NY},
  month =	 {May},
  note =	 {\url{http://www.clarkson.edu/cses/pdf/Development_and_Use_of_an_Energy_Literacy_Survey_ASES09.pdf}}
}



@Misc{DeWaters09b,
  author =	 {J. E. DeWaters},
  title =	 {Energy Literacy},
  howpublished = {Presentation at the Invitational Working Conference on Energy Literacy in Secondary Education},
  month =	 {October},
  year =	 {2009},
  note =	 {\url{http://clarkson.edu/cses/pdf/EnergyLiteracyPresentation.pdf}}
}

