
@InProceedings{Baumeister2011,
  author = 	 {T. Baumeister},
  title = 	 { Adapting PKI for the Smart Grid },
  booktitle = { IEEE International Conference on Smart Grid Communications},
  year = 	{2011}
}

@InProceedings{Baumeister2012,
  author = 	 {T. Baumeister and Y. Dong and Z. Duan and G. Tian},
  title = 	 {A Routing Table Insertion Attack on Freenet},
  booktitle = { First ASE Cyber Security Conference},
  month = {December},
  year = 	{2012}
}

@InProceedings{Tian2013,
  author = 	 { G. Tian and Z. Duan and T. Baumeister and Y. Dong},
  title = 	 {A Traceback Attack on Freenet},
  booktitle = { IEEE INFOCOM},
  month = {April},
  year = 	{2013}
}

@InProceedings{Li2011,
  author = 	 { C. Li and Y. Xue and Y. Dong},
  title = 	 { Super Nodes in Tor: Existence and Security Implication},
  booktitle = {ACSAC-11},
  month = {December},
  year = 	{2011}
}

@InProceedings{Li2010,
  author = 	 { C. Li and Y. Xue and Y. Dong},
  title = 	 { HMC: A Novel Mechanism for Identifying Encrypted P2P Thunder Traffic },
  booktitle = { IEEE Globecomï¿½10},
  month = {December},
  year = 	{2010}
}

@InProceedings{Dong2008MCN,
  author = 	 { Y. Dong and D. Du and Feng Cao },
  title = 	 { Better Services for More Secure Clients },
  booktitle = { IEEE International Workshop on Mission Critical Networks },
  month = {April},
  year = 	{2008}
}

@InProceedings{Liu2008ICC,
  author = 	 { X. Liu and Y. Dong },
  title = 	 { Intelligently Balancing Per-Hop Delay Allocation to Improve Network Utilization },
  booktitle = { IEEE ICC },
  month = {June},
  year = 	{2008}
}


@MISC{Liuyuan2012,
   author = "Yuan Liu",
   title = " Trust-based Bandwidth Management for Critical Flows ",
   note= "MS Thesis, Dept. of Electrical Engineering, Univ. of Hawaii",
   year = 2012
   }
@MISC{Zhangqi2011,
   author = "Qi Zhang",
   title = " A Novel Trust-aware Scheme to protect critical flows from bandwidth flooding attacks ",
   note= "MS Thesis, Dept. of Electrical Engineering, Univ. of Hawaii",
   year = 2010
   }
@MISC{Lijiang2008,
   author = "Jiang Li",
   title = " Global Multi-hop Scheduling for Improving Network Utilization ",
   note= "MS Thesis, Dept. of Electrical Engineering, Univ. of Hawaii",
   year = 2008
   }
@MISC{Liuxiaojiang2007,
   author = "X. Liu",
   title = " Maximizing Network Resource Utilization Through Dynamic Delay Allocation Adjustment ",
   note= "MS Thesis, Dept. of Electrical Engineering, Univ. of Hawaii",
   year = 2007
   }


@Article{Dong2010CompComm,
  author =       { Y. Dong and X. Liu },
  title =        { Novel dynamic delay allocation adjustment for improving bandwidth efficiency },
  journal =      " Elsevier Computer Communications ",
  year =         {2010},
  volume =    {33},
  number =    {4},
  month =     {},
  pages =     {463-476},
  note =      {},
  annote =    {}
}


@InProceedings{Dong2009,
  author = 	 { Y. Dong and D. Du},
  title = 	 { Towards Predictable Real-Time Delivery },
  booktitle = { ICST Chinacom },
  month = {Aug.},
  year = 	{2009}
}


@InProceedings{LuGlobecom2011,
  author = 	 { X. Lu and Z. Lu and W. Wang and J. Ma },
  title = 	 { On Network Performance Evaluation toward the Smart Grid: A Case Study of DNP3 over TCP/IP },
  booktitle = { IEEE Global Communications Conference (Globecom'11)},
  year = {2011}
}


@InProceedings{LuMilcom2011,
  author = 	 { Z. Lu and X. Lu and W. Wang and C. Wang},
  title = {Review and Evaluation of Security Threats on the Communication Networks in the Smart Grid},
  booktitle= { IEEE Military Communications Conference (Milcom' 10)},
  year = 	{2011}
}


@InProceedings{ East2009,
  author = 	 { S. East and J. Butts and M. Papa and S. Shenoi },
  title = 	 { A Taxonomy of Attacks on the DNP3 Protocol },
  booktitle = { IFIP International Federation for Information Processing},
  year = 	{2009}
}


@misc{Majd2006,
  Author= " M. Majdalawieh and F. Parisi-Presicce and D. Wijesekera ",
  Title = " DNPSec: Distributed Network Protocol Version 3 (DNP3) Security Framework ",
	note = "ADVANCES IN COMPUTER, INFORMATION, AND SYSTEMS SCIENCES, AND ENGINEERING",
	PAGES ="227-234",
  Year = "2006"
}


@InProceedings{JinWSC2011,
  author = 	 { D. Jin and D. M. Nicol and G. Yan },
  title = 	 { An Event Buffer Flooding Attack in DNP3 Controlled SCADA Systems },
  booktitle = { Winter Simulation Conference (WSC2011), Phoenix, AZ},
  year = 	{2011}
}


@book{Clarke2004,
   title = " Practical Modern SCADA Protocols: DNP3, 60870.5 and Related Systems ",
   author = " G. Clarke and D. Reynders ",
   publisher = " Newnes ",
   note= "ISBN-10: 0750657995, ISBN-13: 978-0750657990",
   year = "2004"
   }


@InProceedings{Wang2009,
  author = 	 { Q. Wang and H. Khurana and Y. Huang and K. Nahrstedt },
  title = 	 { Time valid onetime signature for time-critical 
       multicast data authentication },
  booktitle = {  IEEE INFOCOM },
       pages="1233-1241",
  year = 	{2009}
}


 
