
@techreport{Gintell93,
   author = {John Gintell and John Arnold and Michael Houde and Jacek
 Kruszelnicki and Roland McKenney and Gerard Memmi},
   institution = {Bull HN Information Systems Inc.},
   number = RAD/USARL/93010,
   title = {Scrutiny: A Collaborative Inspection and Review System},
   year = 1993
}

@book{Pressman92,
   author = {Rogers S. Pressman},
   edition = 3,
   publisher = {McGraw-Hill, Inc},
   title = {Software Engineering A Practitioner's Approach},
   year = 1992
}

@book{Evans87,
   author = {Michael W. Evans and John J. Marciniak},
   publisher = {John Wiley \& Sons},
   title = {Software Quality Assurance and Management},
   year = 1987
}

@book{Schulmeyer87,
   author = {G. Gordon Schulmeyer and James I. McManus},
   publisher = {Van Nostrand Reinhold},
   title = {Handbook of Software Quality Assurance},
   year = 1987
}

@inproceedings{Johnson92,
   author = {Philip M. Johnson},
   booktitle = {Proceedings of the 1992 Conference on Computer Supported Cooperative Work},
   month = November,
   note = {Also published as Technical Report CSDL-92-01, University of Hawaii Department of Information and Computer Sciences.},
   title = {Supporting Exploratory {CSCW} with the {EGRET} Framework},
   year = 1992
}

@inproceedings{Johnson93b,
   author = {Philip M. Johnson and Danu Tjahjono and Dadong Wan and Robert Brewer},
   booktitle = {Proceedings of the Pacific Northwest Software Quality Conference},
   title = {Experiences with {CSRS}: An Instrumented Software Review Environment},
   year = 1993
}

@book{Lewis90,
   author = {Bil Lewis and Dan LaLiberte and the GNU Manual Group},
   address = {675 Massachusetts Avenue, Cambridge, MA 02139},
   edition = 1.03,
   month = dec,
   publisher = {The Free Software Foundation, Inc.},
   title = {GNU Emacs Lisp Reference Manual},
   year = 1990
}

@inproceedings{Johnson93,
   author = {Philip M. Johnson and Danu Tjahjono},
   booktitle = {Proceedings of the Third European Conference on Computer Supported Cooperative Work},
   month = sep,
   title = {Improving Software Quality through Computer Supported Collaborative Review},
   year = 1993
}

@article{Howden82,
   author = {William E. Howden},
   journal = {Computing Surveys},
   month = jun,
   pages = {208-213},
   title = {Validation of Scientific Program},
   year = 1982
}

@article{Collofello89,
   author = {James S. Collofello and Scott N. Woodfield},
   journal = {The Journal of Systems and Software},
   month = mar,
   note = {QA76.5 J74},
   number = 9,
   pages = {191-195},
   title = {Evaluating the Effectiveness of Reliability-Assurance Techniques},
   year = 1989
}

@article{Adrion82,
   author = {W. Richards Adrion and Martha A. Branstad and John C. Cherniavsky},
   journal = {Computing Surveys},
   month = jun,
   pages = {164-187},
   title = {Validation, Verification, and Testing of Computer Software},
   year = 1982
}

@article{Doolan92,
   author = {E. P. Doolan},
   journal = {Software Practice and Experience},
   month = feb,
   pages = {173-182},
   title = {Experience with Fagan's Inspection Method},
   year = 1992
}

@article{Bush90,
   author = {Marilyn Bush},
   journal = {1990 IEEE 12th International Conference on Software Engineering},
   month = mar,
   pages = {196-199},
   title = {Improving Software Quality: The Use of Formal Inspections at the JET Propulsion Laboratory},
   year = 1990
}

@phdthesis{Hetzel76,
   author = {W.C. Hetzel},
   school = {Univ. of North Carolina, Chapel Hill},
   title = {An Experimental Analysis of Program Verification Methods},
   year = 1976
}

@book{Ghezzi91,
   author = {Carlo Ghezzi and Mehdi Jazayeri and Dino Mandrioli},
   address = {Englewood Cliffs, NJ 07632},
   note = {HAML QA76.758.G47 1991},
   publisher = {Prentice Hall},
   title = {Fundamentals of Software Engineering},
   year = 1991
}

@book{Conte86,
   author = {S.D. Conte and H.E. Dunsmore and V.Y. Shen},
   note = {QA 76.76.D47 C66 1986},
   publisher = {The Benjamin/Cummings Publishing Company, Inc.},
   title = {Software Engineering Metrics and Models},
   year = 1986
}

@article{Boehm84,
   author = {Barry W. Boehm},
   journal = {IEEE Software},
   month = jan,
   pages = {75-88},
   title = {Verifying and Validating Software Requirements and Design
 Specifications},
   year = 1984
}

@incollection{Mills93,
   author = {Harlan D. Mills},
   booktitle = {Advances in Computers},
   editor = {Marshall C. Yovits},
   note = {QA76.A3 v.36 1993},
   pages = {2-39},
   publisher = {Academic Press, Inc},
   title = {Zero Defect Software: Cleanroom Engineering},
   volume = 36,
   year = 1993
}

@phdthesis{Selby85,
   author = {Selby, Jr., Richard Wayne},
   school = {University of Maryland},
   title = {Evaluations of Software Technologies: Testing, CLEANROOM, and Metrics},
   type = {PhD Thesis},
   year = 1985
}

@article{Dyer90,
   author = {M Dyer and A Kouchakdjian},
   journal = {Information and Software Technology},
   month = jan,
   number = 1,
   pages = {53-59},
   title = {Correctness verification: alternative to structural
 software testing},
   volume = 32,
   year = 1990
}

@article{Mills92,
   author = {Harlan D. Mills},
   journal = {Proceedings of the Hawaii International Conference on System Sciences},
   pages = {373-381},
   title = {Certifying the Correctness of Software},
   volume = II,
   year = 1992
}

@article{Deck92,
   author = {M.D. Deck, M.G. Pleszkoch, R.C. Linger and H.D. MIlls},
   journal = {Proceedings of the Hawaii International Conference on System Sciences},
   pages = {382-393},
   title = {Extended Semantics for Box Structures},
   volume = II,
   year = 1992
}

@article{Rosen92,
   author = {S.J. Rosen},
   journal = {Proceedings of the Hawaii International Conference on System Sciences},
   pages = {406-417},
   title = {Design Languages for Cleanroom Software Engineering},
   year = 1992
}

@article{Dyer92a,
   author = {M. Dyer},
   journal = {Proceedings of the Hawaii International Conference on System Sciences},
   pages = {418-427},
   title = {Verification-Based Inspection},
   volume = II,
   year = 1992
}

@article{Whittaker92,
   author = {J.A. Whittaker and J.H. Poore},
   journal = {Proceedings of the Hawaii International Conference on System Sciences},
   pages = {428-436},
   title = {Statistical Testing for Cleanroom Software Engineering},
   volume = II,
   year = 1992
}

@article{Trammel92,
   author = {C.J. Trammell and P.A. Hausler and C.E. Galbraith},
   journal = {Proceedings of the Hawaii International Conference on System Sciences},
   pages = {437-448},
   title = {Incremental Implementation of Cleanroom Practices},
   volume = II,
   year = 1992
}

@article{Fuhrer92,
   author = {D.Fuhrer and H. Mao and J.H. Poore},
   journal = {Proceedings of the Hawaii International Conference on System Sciences},
   pages = {449-458},
   title = {OS/2 Cleanroom Environment: A Progress Report on a
 Cleanroom Tools Development Project},
   volume = II,
   year = 1992
}

@article{Hevner92,
   author = {A.R.Hevner and S.A.Becker},
   journal = {Proceedings of the Hawaii International Conference on System Sciences},
   pages = {459-468},
   title = {Central Repository Data Models for Cleanroom Systems Development},
   volume = II,
   year = 1992
}

@book{Linger79,
   author = {R.C. Linger and H.D. Mills and B.I. Witt},
   publisher = {Addision-Wesley Publishing Company},
   title = {Structured Programming: Theory and Practice},
   year = 1979
}

@book{Collofello88,
   author = {James S. Collofello},
   publisher = {Carnegie Mellon University. Software Engineering
 Institute},
   title = {The Software Technical Review Process. SEI Curriculum
 Module SEI-CM-3-1.5},
   year = 1988
}

@inproceedings{Graham90a,
   author = {D.R. Graham},
   booktitle = {SE 90},
   journal = {Proceedings of Software Engineering 90, Brighton, July 1990},
   pages = {335-371},
   publisher = {Cambridge University Press},
   title = {Software Verification and Testing Tools: Availability and
 Uptake},
   year = 1990
}

@inproceedings{Graham90b,
   author = {D.R. Graham},
   booktitle = {SE 90},
   journal = {Proceedings of Software Engineering 90, Brighton, July 1990},
   pages = {305-334},
   publisher = {Cambridge University Press},
   title = {Software Testing: Human-Computer Interaction Concepts, and
 Testing},
   year = 1990
}

@inproceedings{McConnell84,
   author = {Peter R. H. McConnell and Wolfgang B. Strigel},
   journal = {AFIPS Conference Proceedings of the 1984 National
 Computer Conference. Montvale, NJ},
   month = jul,
   pages = {273-281},
   publisher = {AFIPS Press},
   title = {Results of Modern Software Engineering Principles Applied
 to Small and Large Projects},
   year = 1984
}

@inproceedings{Hart82,
   author = {Jolene J. Hart},
   journal = {Proceedings COMPSAC'82. The IEEE Computer Society's
 Eighth International Computer Software and Applications
 Conference, Silver Spring, MD},
   month = nov,
   pages = {515-522},
   publisher = {IEEE Computer Society Press},
   title = {The Effectiveness of Design and Code Walkthroughs},
   year = 1982
}

@inproceedings{Ackerman82,
   author = {A. Frank Ackerman and Amy S. Ackerman},
   journal = {Proceedings COMPSAC'82. The IEEE Computer Society's
 Eighth International Computer Software and Applications
 Conference, Silver Spring, MD},
   month = nov,
   pages = {443-444},
   publisher = {IEEE Computer Society Press},
   title = {A Software Inspections Training Program},
   year = 1982
}

@inproceedings{Peele82,
   author = {Ronald Peele},
   journal = {Proceedings COMPSAC'82. The IEEE Computer Society's
 Eighth International Computer Software and Applications
 Conference, Silver Spring, MD},
   month = nov,
   pages = {445-446},
   publisher = {IEEE Computer Society Press},
   title = {Code Inspections at First Union Corporation},
   year = 1982
}

@inproceedings{McKissick84,
   author = {John Mckissick, Jr. and Mark J. Somers and Wilhelmina Marsh},
   journal = {Proceedings COMPSAC'84. The IEEE Computer Society's
 Eighth International Computer Software and Applications
 Conference, Silver Spring, MD},
   month = nov,
   pages = {518-519},
   publisher = {IEEE Computer Society Press},
   title = {Software Design Inspection for Preliminary Design},
   year = 1984
}

@article{Jones85,
   author = {C. L. Jones},
   journal = {IBM Systems Journal},
   number = 2,
   pages = {150-166},
   title = {A process-integrated approach to defect prevention},
   volume = 24,
   year = 1985
}

@article{Endres75,
   author = {Albert Endres},
   journal = {IEEE Transactions on Software Engineering},
   month = jun,
   number = 2,
   pages = {140-149},
   title = {An Analysis of Errors and Their Causes in System
 Programs},
   volume = 1,
   year = 1975
}

@inproceedings{Basili85,
   author = {Victor R. Basili and Selby, Jr., Richard W.},
   booktitle = {Software System Design Methods},
   journal = {Proceedings of the NATO Advanced Study Institute on The
 Challenge of Advanced Computing Technology to System Design Methods},
   pages = {3-33},
   publisher = {Springer-Verlag},
   title = {Four Applications of Software Data Collection and Analysis
 Methodology},
   year = 1985
}

@inproceedings{Dyer85,
   author = {M. Dyer},
   booktitle = {Software System Design Methods},
   journal = {Proceedings of the NATO Advanced Study Institute on The
 Challenge of Advanced Computing Technology to System Design Methods},
   pages = {81-94},
   publisher = {Springer-Verlag},
   title = {Software Development Under Statistical Quality Control},
   year = 1985
}

@book{Gilb88,
   author = {Tom Gilb and Susannah Finzi},
   publisher = {Addison-Wesley},
   title = {Principles of Software Engineering Management},
   year = 1988
}

@book{Hansen84,
   author = {Hans-Ludwig Hausen, Editor},
   address = {North Holland, Amsterdam},
   publisher = {Elsevier Science Publisher B.V.},
   title = {Software Validation. inspection-testing-verification-alternatives},
   year = 1984
}

@book{Dunn84,
   author = {Robert H. Dunn},
   address = {ITT Advanced Technology Center},
   publisher = {McGraw-Hill, Inc.},
   title = {Software Defect Removal},
   year = 1984
}

@book{Myers79,
   author = {Glenford J. Myers},
   address = {IBM Systems Research Institute},
   publisher = {John Wiley \& Sons},
   title = {The Art of Software Testing},
   year = 1979
}

@book{Beizer90,
   author = {Boris Beizer},
   address = {New York},
   edition = 3,
   publisher = {Van Nostrand Reinhold},
   title = {Software Testing Techniques},
   year = 1990
}

@book{Dyer92,
   author = {Michael Dyer},
   publisher = {John Wiley \& Sons, Inc.},
   title = {The Cleanroom Approach to Quality Software Development},
   year = 1992
}

@article{Russell91,
   author = {Glen W. Russell},
   journal = {IEEE Software},
   month = jan,
   pages = {25-31},
   title = {Experience with Inspection in Ultralarge-Scale Developments},
   year = 1991
}

@inproceedings{Conklin88,
   author = {Jeff Conklin and Michael L. Begeman},
   address = {Portland, Oregon},
   booktitle = {Proceedings of the Conference on Computer-Supported Cooperative Work (CSCW '88)},
   journal = {Proceedings of the Conference on Computer-Supported Cooperative Work (CSCW '88). Portland, Oregon},
   pages = {140-152},
   publisher = {ACM Press},
   title = {gIBIS: A hypertext tool for exploratory policy discussion},
   year = 1988
}

@article{Nunamaker91,
   author = {J. F. Nunamaker and Alan R. Dennis and Joseph S. Valacich and Douglas R. Vogel and Joey F. George},
   journal = {Communication of the ACM},
   month = jul,
   number = 7,
   pages = {42-61},
   title = {Electronic Meeting Systems to Support Group Work},
   volume = 34,
   year = 1991
}

@article{Parnas85,
   author = {D. W. Parnas and D.M Weiss},
   journal = {Proceedings of Eighth International Conference on Software Engineering, London, England},
   month = aug,
   pages = {132-136},
   title = {Active Design Reviews: Principles and Practices},
   year = 1985
}

@article{Knight91,
   author = {John C. Knight and E. Ann Myers},
   journal = {Software Engineering Notes},
   month = jul,
   number = 3,
   pages = {29-35},
   title = {Phased Inspections and Their Implementation},
   volume = 16,
   year = 1991
}

@book{Soloway86,
   author = {Elliot Soloway and Sitharama Iyengar},
   address = {Norwood, New Jersey },
   publisher = {ABLEX Publishing Corporation},
   title = {Empirical Studies of Programmers},
   year = 1986
}

@book{Deimel91,
   author = {Lionel E. Deimel},
   address = {Carnegie Mellon University},
   month = may,
   publisher = {Software Engineering Institute},
   title = {Scenes of Software Inspections. Video Dramatizations for the Classroom},
   year = 1991
}

@article{McGinnis90,
   author = {Denise R. McGinnis and C. Joseph Sass},
   journal = {The Journal of Computer Information System},
   number = 1,
   pages = 31,
   title = {The impact of walkthroughs on program correctness using third and fourth generation programming languages},
   volume = 31,
   year = 1991,
  annote = {Fall1991}
}

@article{Myers78,
   author = {G. Myers},
   journal = {Communications of the ACM},
   month = sep,
   number = 9,
   pages = {760-768},
   title = {A controlled experiment in program testing and code walkthrough/ inspection},
   volume = 21,
   year = 78,
  annote = {This is probably the only article that speak  disfavourably against code inspection}
}

@article{Martin90,
   author = {Johnny Martin and W. T Tsai},
   journal = {Communications of the ACM},
   month = feb,
   number = 2,
   pages = {225-232},
   title = {N-Fold Inspection: A Requirement Analysis Technique},
   volume = 33,
   year = 1990,
  annote = {Smaller group size is more productive}
}

@book{Freedman90,
   author = {D. P. Freedman and G. M. Wienberg},
   publisher = {Little, Brown},
   title = {Handbook of Walkthroughs, Inspections and Technical Reviews},
   year = 1990,
  annote = {Hamilton Lib}
}

@article{Weinberg84,
   author = {G. M. Weinberg and D. P. Freedman},
   journal = {IEEE Transactions on Software Engineering},
   number = 1,
   pages = {49-59},
   title = {Reviews, Walkthroughs, and Inspections in Project Management Systems},
   volume = 10,
   year = 1984
}

@article{Britcher88,
   author = {R. N. Britcher},
   journal = {IEEE Computer},
   month = nov,
   title = {Using inspection to investigate program correctness},
   year = 1988
}

@article{Lemos80,
   author = {R. S. Lemos},
   journal = {Computer Journal},
   number = 3,
   pages = {377-380},
   title = {Discussion and correspondence measuring student's attitudes towards structured walk-throughs},
   volume = 23,
   year = 1980
}

@article{Anom79,
   author = Anonymous,
   journal = {Communications of the ACM},
   number = 6,
   pages = {335-340},
   title = {An implementation of structured walk-throughs in teaching COBOL programming},
   volume = 22,
   year = 1979
}

@article{Sembugamoorthy90,
   author = {V. Sembugamoorthy and L. Brothers},
   journal = {The 14th Annual Computer Software and Applications Conference (COMSPAC)},
   month = oct,
   title = {ICICLE: Intelligent Code Inspection in a C Language Environment},
   year = 1990,
  annote = {N/A}
}

@article{Fagan76,
   author = {Michael E. Fagan},
   journal = {IBM System Journal},
   number = 3,
   pages = {182-211},
   title = {Design and code inspections to reduce errors in program development},
   volume = 15,
   year = 1976,
  annote = {Pioneer work in code inspection}
}

@article{Fagan86,
   author = {Michael E. Fagan},
   journal = {IEEE Transactions on Software Engineering},
   month = jul,
   number = 7,
   pages = {744-751},
   title = {Advances in Software Inspections},
   volume = {SE-12},
   year = 1986,
  annote = {Supposed to be advances in code inspection, but nothing new is added}
}

@article{Brothers90,
   author = {L. Brothers and V. Sembugamoorthy and M. Muller},
   journal = {CSCW 90 Proceedings},
   month = oct,
   pages = {169-181},
   title = {ICICLE: Groupware for Code Inspection},
   year = 1990
}

@article{Bisant89,
   author = {David B. Bisant and James R. Lyle},
   journal = {IEEE Transactions on Software Engineering},
   month = oct,
   number = 10,
   pages = {1294-1304},
   title = {A Two-Person Inspection Method to Improve Programming Productivity},
   volume = 15,
   year = 1989
}

@article{Ackerman89,
   author = {A. Frank Ackerman and Lynne S. Buchwald and Frank H. Lewski},
   journal = {IEEE Software},
   month = may,
   pages = {31-36},
   title = {Software Inspections: An Effective Verification Process},
   year = 1989
}

@book{Sommerville89,
   author = {Ian Sommerville},
   edition = 3,
   publisher = {Addison Wesley},
   title = {Software Engineering},
   year = 1989
}

@book{Mayrhausen90,
   author = {Anneliese von Mayrhausen},
   publisher = {Academic Press},
   title = {Software Engineering Methods and Management},
   year = 1990
}

@book{Pfleeger91,
   author = {Shari Lawrence Pfleeger},
   edition = 2,
   publisher = {Macmillan Publishing Company},
   title = {Software Engineering  The Production of Quality Software},
   year = 1991
}

@book{Jones90,
   author = {Gregory W. Jones},
   publisher = {John Willey and Sons Inc.},
   title = {Software Engineering},
   year = 1990
}

@book{Fairley85,
   author = {Richard Fairley},
   publisher = {McGraw Hill},
   title = {Software Engineering Concepts},
   year = 1985
}

@book{Matsumoto89,
   author = {Yoshihiro Matsumoto and Yutaka Ohno},
   publisher = {Addison Wesley},
   title = {Japanese Perspective in Software Engineering},
   year = 1989
}

@book{Humphrey90,
   author = {Watts S. Humphrey},
   publisher = {Addison Wesley Publishing Company Inc.},
   title = {Managing the Software Process},
   year = 1990
}

@book{Hollocker90,
   author = {Charles P. Hollocker},
   publisher = {John Wiley and Sons, Inc.},
   title = {Software Reviews and Audits Handbook},
   year = 1990
}

@book{Schach90,
   author = {Stephen R. Schach},
   publisher = {Aksen Associates},
   title = {Software Engineering},
   year = 1990
}

@book{Jones86,
   author = {Capers Jones},
   publisher = {McGraw-Hill},
   title = {Programming Productivity},
   year = 1986
}

@article{Stevens89,
   author = {Scott M. Stevens},
   journal = {Communications of the ACM},
   month = jul,
   number = 7,
   pages = {832-843},
   title = {Intelligent Interactive Video Simulation of a code inspection},
   volume = 32,
   year = 1989,
  annote = {Using interactive video to teach code inspection process}
}

@article{Fowler86,
   author = {P. J. Fowler},
   journal = {AT\&T Technical Journal},
   number = 2,
   pages = {102-112},
   title = {In-process inspections of workproducts at AT\&T},
   volume = 65,
   year = 1986
}

@book{Yourdon79,
   author = {E. Yourdon},
   publisher = {Prentice-Hall},
   title = {Structured Walkthroughs},
   year = 1979
}

@book{Yourdon89,
   author = {Edward Yourdon},
   edition = 4,
   publisher = {Prentice-Hall},
   title = {Structured Walkthrough},
   year = 1989
}

@article{Graden86,
   author = {M. E. Graden and P. S. Hersley and T. C. Pingel},
   journal = {AT\&T Technical Journal},
   number = 3,
   pages = {32-40},
   title = {The effects of software inspections on a major telecommunications project},
   volume = 65,
   year = 1986
}

@article{Eckel86,
   author = {E. J. Eckel},
   journal = {AT\&T Technical Journal},
   number = 2,
   pages = {30-38},
   title = {Quality in AT\&T network systems},
   volume = 65,
   year = 1986
}
