
@Misc{Ammons2010,
  author = 	 {Jessie Ammons},
  title = 	 {In the classroom, a lack of energy education},
  howpublished = {Indy Week},
  month = 	 {July},
  URL = {http://www.indyweek.com/indyweek/in-the-classroom-a-lack-of-energy-education/Content?oid=1547796},
  year = 	 2010
}

@Misc{Durr2010,
  author = 	 {Elaine Durr},
  title = 	 {Elon University strives to reduce energy consumption through behavior change},
  howpublished = {Lucid Design Group Case Study},
  month = 	 {July},
  URL =          {http://www.luciddesigngroup.com/casestudies/elon.php},
  year = 	 2010
}

@Misc{Willens2010,
  author = 	 {Andrew Willens},
  title = 	 {Dorm energy resource competition succeeds despite challenges},
  howpublished = {The Oberlin Review},
  month = 	 {December},
  URL =          {http://www.oberlinreview.org/article/dorm-energy-resource-competition-succeeds-despite/},
  year = 	 2010
}

@Misc{Dhong2011,
  author = 	 {Charles Dhong and Anton Walker and Sara Seacat and Manon von Kaenel and Kelley Doyle and Patrick Smith},
  title = 	 {Greek energy savings competition and outreach campaign-- "Green Cup"},
  howpublished = {The Green Initiative Fund},
  month = 	 {December},
  URL =          {http://tgif.berkeley.edu/index.php/grants/projects/2011-projects/28-greek-energy-savings},
  year = 	 2011
}

@Misc{Sahai2010,
  author = 	 {Ravi Sahai and Dennis Elliot},
  title = 	 {Energy and Water: Residence Hall Competition},
  howpublished = {Energy Efficiency Summit},
  month = 	 {January},
  URL =          {http://www.slideshare.net/AllianceToSaveEnergy/energy-and-water-residence-hall-competition},
  year = 	 2010
}

