
@book{Kaplan95,
   author = {Ralph Clark and Craig Kaplan and Victor Tang},
   address = {1221 Avenue of the Americas, New York, NY. 10020},
   publisher = {McGraw-Hill, Inc.},
   title = {Secrets of Software Quality},
   year = 1995
}
