../08-02/sustainability.bib