%%%%%%%%%%%%%%%%%%%%%%%%%%%%%% -*- Mode: Bibtex -*- %%%%%%%%%%%%%%%%%%%%%%%%%%%%
%% nsf.bib -- 
%% Author          : Philip Johnson
%% Created On      : Wed Aug 11 12:53:57 1993
%% Last Modified By: Philip M. Johnson
%% Last Modified On: Thu May 26 09:34:15 2005
%% Status          : Unknown
%%%%%%%%%%%%%%%%%%%%%%%%%%%%%%%%%%%%%%%%%%%%%%%%%%%%%%%%%%%%%%%%%%%%%%%%%%%%%%%
%%   Copyright (C) 1993 University of Hawaii
%%%%%%%%%%%%%%%%%%%%%%%%%%%%%%%%%%%%%%%%%%%%%%%%%%%%%%%%%%%%%%%%%%%%%%%%%%%%%%%


@Article{Chung02,
  author =	 { M. J. Chung and P. Kwon and B. Pentland },
  title =	 { Making Process Visible:  A Grammatical Approach To Managing Design Processes },
  journal =	 { Journal of Mechanical Design },
  year =	 {2003 },
  volume =	 { 124},
  pages =	 {364-374 }
}

@Article{Kwon02,
  author =	 { P. Kwon and M. J. Chung and B. Pentland },
  title =	 { A Grammar-Based Framework for Integrating Design and Manufacturing },
  journal =	 { Journal of Manufacturing Science and Engineering },
  year =	 {2002 },
  volume =	 { 124},
  pages =	 {899-907}
}

 @InBook{Chung03,
  author =	 { M.J. Chung and P. Kwon and B.T. Pentland },
  title =	 { Scalable Enterprise Systems Research },
  chapter =	 { Design and Manufacturing Process Management in a Supply Chain Environment },
  publisher =	 { Kluwer Academic Publishers, Boston},
  year =	 {2003}
}
 
@InProceedings{Zeng03,
  author = 	 { Yichong Zeng and P. Kwon and B. T. Pentland and A. Chahine},
  title = 	 { A Grammar-Based Approach to Capturing and Managing Processes: An Industrial Case Study },
  booktitle =    { Transactions of NAMRI/SME, Volume XXXI },
  year =	 {2003}
}

@article{Abbott83,
  Author =	 { Andrew Abbott },
  Title =	 {Sequences of Social Events: Concepts and Methods for the
                  Analysis of Order in Social Processes},
  Journal =	 {Historical Methods},
  Volume =	 {16},
  Number =	 {4},
  Pages =	 {129-147},
  Year =	 {1983}
}

@article{Abbott90a,
  Author =	 {Andrew Abbott },
  Title =	 {A primer on sequence methods},
  Journal =	 {Organization Science},
  Volume =	 {1},
  Number =	 {4},
  Pages =	 {375-392},
  Year =	 {1990}
}


@article{ Abbott90b,
  Author =	 { Andrew Abbott and Alexandra Hrycak },
  Title =	 {Measuring Resemblance in Sequence Data: An Optimal
                  Matching Analysis of Musicians' Careers},
  Journal =	 {American Journal of Sociology},
  Volume =	 {96},
  Number =	 {1},
  Pages =	 {144-185},
  Year =	 {1990}
}

.
@article{Abbott91,
  Author =	 { Andrew Abbott },
  Title =	 {From Causes to Events: Notes on Narrative Positivism},
  Journal =	 {Sociological Methods and Research},
  Volume =	 {20},
  Number =	 {4},
  Pages =	 {428-455},
  Year =	 {1992}
}

@Article{Abbott95,
  author =	 { Andrew Abbott },
  title =	 { Sequence Analysis: New Methods for Old Ideas },
  journal =	 { Annual Review of Sociology },
  year =	 { 1995 },
  volume =	 { 21}
}

@book{ Abell87,
  Author =	 { Peter Abell },
  Title =	 {The syntax of social life : the theory and method of
                  comparative narratives},
  Publisher =	 {Clarendon Press},
  Address =	 {New York},
  Year =	 {1987}
}

@Book{Austen96,
  author =	 {Robert Austen},
  title = 	 {Measuring and managing performance in organizations},
  publisher =    {Dorset House},
  year = 	 {1996}
}

@book{ Bal85,
  Author =	 { Mieke Bal},
  Title =	 {Narratology: Introduction to the theory of narrative},
  Publisher =	 {University of Toronto Press},
  Address =	 {Toronto},
  Year =	 {1985}
}

@article{Barley86,
  Author =	 { S. R. Barley },
  Title =	 {Technology as an Occasion for Structuring: Evidence from
                  the Observation of CT Scanners and the Social Order of
                  Radiology Departments},
  Journal =	 {Administrative Science Quarterly},
  Volume =	 {31},
  Pages =	 {78-108},
  Year =	 {1986}
}

@article{Barley90,
  Author =	 {Stephen R. Barley},
  Title =	 {The alignment of technology and structure through roles
                  and networks},
  Journal =	 {Administrative Science Quarterly},
  Year =	 {1990}
}

@incollection{ Barthes77,
  Author =	 { Roland Barthes },
  Title =	 {Introduction to the Structural Analysis of Narratives},
  BookTitle =	 {Image-Music-Text},
  Editor =	 {Heath, Stephen},
  Publisher =	 {Fontana},
  Address =	 {New York},
  Pages =	 {79},
  Year =	 {1977}
}

@Article{Basili01,
  author =	 {V. Basili and B. Boehm},
  title =	 {{COTS}-based Systems Top 10 List},
  journal =	 {{IEEE} Computer},
  year =	 {2001},
  volume =	 {34},
  month =	 {May},
  number =	 {5}
}

@InProceedings{Basili01b,
  author = 	 {V. Basili and M. Lindvall and P. Costa},
  title = 	 {Implementing the Experience Factory concepts as a set of experience bases},
  booktitle =	 {Proceedings of the 13th International Conference on Software Engineering and Knowledge Engineering},
  year =	 {2001}
}

@Article{Basili02,
  author = 	 {V. Basili and C. Seaman},
  title = 	 {The Experience Factory Organization},
  journal = 	 {{IEEE} Software},
  year = 	 {2002},
  month =	 {June}
}

@InProceedings{Basili02b,
  author = 	 {V. Basili and M. Lindvall and F. Shull},
  title = 	 {A light-weight process for capturing and evolving defect reduction experience},
  booktitle =	 {Proceedings of hte 8th {IEEE} International Conference on Engineering of Complex Computer Systems},
  year =	 {2002},
  address =	 {Los Alamitos}
}

@TechReport{Basili05,
  author =	 {Victor Basili and Marv Zelkowitz and Dag Sjoberg and
                  Philip Johnson and Tony Cowling},
  title =	 {Ownership of data, testbeds, and artifacts},
  institution =	 {University of Maryland/Fraunhofer Institute USA Technical
                  Report ???},
  year =	 {2005}
}

@Article{Basili85,
  author =	 {V. Basili and R. Selby},
  title =	 {Comparing the Effectiveness of Software Testing
                  Strategies},
  journal =	 {{IEEE} Transactions on Software Engineering},
  year =	 {1987},
  month =	 {December}
}

@Article{Basili95,
  author =	 {V. Basili and M. Zelkowitz and F. McGarry and J. Page and
                  S. Waligora and R. Pajerski},
  title =	 {Special Report: {SEL}'s Software Process-Improvement
                  Program},
  journal =	 {{IEEE} Software},
  year =	 {1995},
  volume =	 {12},
  number =	 {6},
  month =	 {November}
}

@Article{Basili96,
  author =	 {V. Basili and S. Green and O. Laitenberger and F. Shull
                  and S. Sorumgaard and M. Zelkowitz},
  title =	 {The Empirical Investigation of Perspective-based Reading},
  journal =	 {International Journal of Empirical Software Engineering},
  year =	 {1996},
  volume =	 {1},
  number =	 {2},
  month =	 {October}
}

@Article{Basili99,
  author =	 {V. Basili and F. Shull and F. Lanubile},
  title =	 {Building Knowledge through Families of Experiments},
  journal =	 {{IEEE} Transactions on Software Engineering},
  year =	 {1999},
  volume =	 {25},
  number =	 {4}
}

@Book{Beck03,
  author =	 "Kent Beck",
  title =	 "{T}est-{D}riven {D}evelopment by {E}xample",
  publisher =	 "Addison Wesley",
  year =	 "2003"
}

@book{Becker77,
  Author =	 { Howard S. Becker, and Blanche Geer and Everett C. Hughes
                  and Anselm L. Strauss },
  Title =	 {Boys in White: Student Culture in Medical School},
  Publisher =	 {Transaction Books},
  Address =	 {New Brunswick},
  Year =	 {1977}
}

@Book{Bennett81,
  author =	 {W. Lance Bennett and Martha S. Feldman},
  title = 	 {Reconstructing reality in the courtroom: justice and judgement in American culture},
  publisher = 	 {Rutgers University Press},
  year = 	 {1981}
}

@Book{Boehm00,
  author =	 {Barry Boehm and Chris Abts and A. Winsor Brown and Sunita Chulani and Bradford Clark and Ellis Horowitz and Ray Madachy and Donald Reifer and Bert Steece},
  title = 	 {Software Cost Estimation with COCOMO II},
  publisher = 	 {Prentice Hall},
  year = 	 {2000}
}

@Article{Boehm01,
  author =	 {B. Boehm and V. Basili},
  title =	 {Software Defect Reduction Top 10 List},
  journal =	 {{IEEE} Computer},
  year =	 {2001},
  volume =	 {34},
  month =	 {January},
  number =	 {1}
}


@Article{Boehm02,
  author = 	 {B. Boehm and D. Port and A. Jain and V. Basili},
  title = 	 {Achieving {CMMI} Level 5 improvements with {MBASE} and the {CeBase} Method},
  journal = 	 {Crosstalk},
  year = 	 {2002},
  month =	 {May}
}

@Article{ Bougon77 ,
  author =	 { Michel Bougon and Karl E. Weick and Din Binkhorst },
  title =	 { Cognition in organizations: An analysis of the Utrecht
                  Jazz Orchestra },
  journal =	 { Administrative Science Quarterly },
  year =	 { 1977 },
  volume =	 { 22},
  number =	 { 4}
}

@Book{Bourdieu77,
  author =	 {P. Bourdieu},
  title = 	 {Outline of a theory of practice},
  publisher = 	 {Cambridge University Press},
  year = 	 {1977},
  address =	 {Cambridge}
}

@book{Brown83,
  Author =	 { Gillian Brown and George Yule },
  Title =	 {Discourse Analysis},
  Publisher =	 {Cambridge University Press},
  Address =	 {New York},
  Year =	 {1983}
}

@book{ Bruner90,
  Author =	 { Jerome S. Bruner },
  Title =	 {Acts of Meaning},
  Publisher =	 {Harvard University Press},
  Address =	 {Cambridge},
  Year =	 {1990}
}

@book{ Burke69,
  Author =	 { Kenneth Burke },
  Title =	 {A Grammar of Motives},
  Publisher =	 {University of California Press},
  Address =	 {Berkeley, CA},
  Year =	 {1969}
}

@InBook{ Carley97,
  author =	 { Kathleen M. Carley},
  title =	 { Texts Analysis for the Social Sciences: Methods for
                  Drawing Statistical Inferences from Texts and Transcripts
                  },
  chapter =	 { Network Text Analysis: The Network Position of Concepts
                  },
  publisher =	 { Lawrence Erlbaum Associates },
  year =	 { 1977}
}


@InProceedings{Carolan04,
  author =	 {Thomas Carolan and Peter Bilazarian },
  title =	 {Automated Data Collection and Assessment for Debriefing
                  Distributed Simulation-Based Exercises (DDSBE)},
  booktitle =	 { 48th Annual Meeting of the Human Factors and Ergonomics
                  Society },
  year =	 {2004}
}


@InProceedings{Carver04,
  author =	 {J. Carver and S. Asgari and V. Basili and L. Hochstein
                  and J. Hollingsworth and F. Shull and M. Zelkowitz},
  title =	 {Studying Code Development for High Performance Computing:
                  The {HPCS} Program},
  booktitle =	 {Proceedings of the Workshop on Software Engineering for
                  High Productivity Computing Systems Applications},
  year =	 {2004},
  editor =	 {P. Johnson},
  address =	 {Edinburgh, Scotland},
  month =	 {May}
}

@Book{Cicourel68,
  author =	 {Aaron Cicourel},
  title = 	 {The Social Organization of Juvenile Justice},
  publisher = 	 {New York: John Wiley and Sons},
  year = 	 {1968}
}

@incollection{ Corsaro90,
  Author =	 { William A. Corsaro and David R. Heise },
  Title =	 {Event Structure Models From Ethnographic Data},
  BookTitle =	 {Sociological Methodology: 1990},
  Editor =	 {Clifford C. Clogg},
  Publisher =	 {Basil Blackwell},
  Address =	 {Oxford},
  Volume =	 {20},
  Pages =	 {1-57},
  Year =	 {1990}
}

@PhdThesis{Crampton01,
  author = 	 {D. S. Crampton},
  title = 	 {Making Sense of Foster Care: An Evaluation of Family Group Decision-making in Kent County, Michigan},
  school = 	 {University of Michigan},
  year = 	 {2001}
}

@TechReport{Cranor03,
  author = 	 {L. Cranor and S. Byers and D. Kormann},
  title = 	 {An analysis of {P3P} deployment on commercial, government, and children's websites},
  institution =  {Federal Trade Commission Workshop on Technologies for Protecting Personal Information},
  year = 	 {2003}
}

@book{ Czarniawska97,
  Author =	 {Czarniawska, Barbara},
  Title =	 {Narrating the Organization: Dramas of Institutional
                  Identity},
  Publisher =	 {University of Chicago Press},
  Address =	 {Chicago},
  Year =	 {1997}
}

@book{Denzin94,
  Editor =	 { Norman K. Denzin and Yvonna S. Lincoln },
  Title =	 {Handbook of Qualitative Research},
  Publisher =	 {Sage},
  Address =	 {Newbury Park, CA},
  Year =	 {1994}
}

@InProceedings{Ebcioglu05,
  author =	 {Kemal Ebcioglu and Vijay Saraswat and Vivek Sarkar},
  title =	 {X10: An experimental language for high productivity
                  programming of scalable systems},
  booktitle =	 {Second Workshop on Productivity and Performance in
                  High-End Computing},
  address =	 {San Francisco, CA.},
  year =	 {2005}
}

@Article{Edin91,
  author = 	 {Kathryn Edin},
  title = 	 {Surviving the Welfare System: How the AFDC Recipients Make It in Chicago},
  journal = 	 {Social Problems},
  year = 	 {1991},
  volume =	 {38},
  month =	 {November}
}

@Article{ Feldman03,
  author =	 { M. S. Feldman and B. T. Pentland },
  title =	 { Reconceptualizing Organizational Routines as a Source of
                  Flexibility and Change },
  journal =	 { Administrative Science Quarterly },
  year =	 { 2003 },
  volume =	 { 48 },
  number =	 { 1}
}

@Article{Feldman04,
  author = 	 {Martha Feldman and Kaj Skoldberg and Ruth Brown and Debra Horner},
  title = 	 {Making sense of stories: A rhetorical approach to narrative analysis},
  journal = 	 {Journal of Public Administration},
  year = 	 {2004},
  volume =	 {14},
  number =	 {2}
}

@InBook{Feldman05,
  author =	 {Martha S. Feldman and Brian T. Pentland},
  title =	 {Handbook of Organizational Routines},
  chapter =	 {Issues in empirical field studies of organizational
                  routines},
  publisher =	 {Edward Elgar, Cheltenham},
  year =	 {2005},
}


@Book{Feldman95,
  author =	 {Martha Feldman},
  title =	 {Strategies for interpreting qualitative data},
  publisher =	 {Sage Publications},
  year =	 {1995},
  address =	 {Thousand Oaks, CA.}
}

@InBook{Fillmore68 ,
  author =	 { Charles J. Fillmore },
  editor =	 { Emmon Bach and Robert Harms },
  title =	 { Universals in Linguistic Theory },
  chapter =	 { The Case for Case },
  publisher =    { Holt Rinehart and Winston },
  year =	 {1968 }
}

@InProceedings{Funk05,
  author =	 {Andrew Funk and Victor Basili and Lorin Hochstein and
                  Jeremy Kepner},
  title =	 {Application of a Development Time Productivity Metric to
                  Parallel Software Development},
  booktitle =	 {Second International Workshop on Software Engineering for
                  High Performance Computing System Applications},
  month =	 {May},
  year =	 {2005},
  address =	 {St. Louis, MO.}
}

@book{ Garfinkel67,
  Author =	 {Harold Garfinkel },
  Title =	 {Studies in Ethnomethodology},
  Publisher =	 {Prentice-Hall},
  Address =	 {Englewood Cliffs, NJ},
  Year =	 {1967}
}

@Article{ Gee86,
  author =	 { J. P. Gee},
  title =	 { Units in the Production of Narrative Discourse},
  journal =	 { Discourse Processes},
  year =	 { 1986 },
  volume =	 { 9 }
}


@article{ Gioia84,
  Author =	 { Dennis Gioia and Peter P. Poole },
  Title =	 {Scripts in Organizational Behavior},
  Journal =	 {Academy of Management Review},
  Volume =	 {9},
  Pages =	 {449-459},
  Year =	 {1984}
}


@Article{ Griffin93,
  author =	 { Larry J. Griffin },
  title =	 { Narrative, event-structure analysis, and causal
                  interpretation in historical sociology },
  journal =	 { American Journal of Sociology },
  year =	 { 1993},
  volume =	 { 98}
}

@Article{ Griffin94,
  author =	 { Larry J. Griffin and Charles C. Ragin },
  title =	 { Some observations on formal methods of qualitative
                  analysis },
  journal =	 { Sociological Methods and Research },
  year =	 { 1994},
  volume =	 { 23}
}


@Article{Gustafson04,
  author =	 {John Gustafson},
  title =	 {Purpose-Based Benchmarks},
  journal =	 {International Journal of High Performance Computing
                  Applications},
  year =	 {2004},
  volume =	 {18},
  number =	 {4},
  month =	 {November}
}


@Misc{Hackystat,
  title =	 {Hackystat Developer Services Website},
  howpublished = {http://www.hackystat.org/}
}


@book{ Headland90,
  Editor =	 { Thomas N. Headland and Kenneth L. Pike and Marvin Harris
                  },
  Title =	 {Emics and etics: The insider/outsider debate},
  Publisher =	 {Sage},
  Address =	 {Newbury Park, CA},
  Year =	 {1990}
}


@article{ Heise89,
  Author =	 { David R. Heise },
  Title =	 {Modeling Event Structures},
  Journal =	 {Journal of Mathematical Sociology},
  Volume =	 {14},
  Pages =	 {139-69},
  Year =	 {1989}
}


@article{ Hewes79,
  Author =	 { Dean E. Hewes },
  Title =	 {The Sequential Analysis of Social Interaction},
  Journal =	 {The Quarterly Journal of Speech},
  Volume =	 {65},
  Pages =	 {56-73},
  Year =	 {1979}
}


@InBook{Huberman94,
  author =	 {Michael Huberman and Matthew Miles},
  editor =	 {Denzin and Lincoln},
  title = 	 {Handbook of Qualitative Research},
  chapter = 	 {Data management and analysis methods},
  publisher = 	 {Sage},
  year = 	 {1994}
}


@article{Hunton04,
  Author =	 {James E. Hunton and Arnold M. Wright and Sally Wright },
  Title =	 {Continuous reporting and continuous assurance:
                  Opportunities for behavioral accounting research },
  Journal =	 { Journal of emerging technologies in accounting },
  Volume =	 {1},
  Number =	 {1},
  Pages =	 {91-102},
  Year =	 {2004}
}

@InProceedings{Iyengar02,
  author = 	 {V. Iyengar},
  title = 	 {Transforming data to satisfy privacy constraints},
  booktitle =	 {Proceedings of {SIGKDD} 2002},
  year =	 {2002},
  address =	 {Alberta, Canada}
}

@InProceedings{Jiwnani02,
  author = 	 {K. Jiwnani and M. Zelkowitz},
  title = 	 {Software testing from a security perspective},
  booktitle =	 {International Conference on Software Maintenance},
  year =	 {2002},
  address =	 {Montreal, Canada}
}

@InProceedings{Johnson05,
  author =	 {Philip M. Johnson and Michael G. Paulding},
  title =	 {Understanding {HPC} development through automated process
                  and product measurement with {H}ackystat},
  booktitle =	 {Second Workshop on Productivity and Performance in
                  High-End Computing},
  address =	 {San Francisco, CA.},
  year =	 {2005}
}

@InProceedings{Johnston04,
  author =	 {Joan H. Johnston and Paul H. Radtke and Lori Van Duyne
                  and Milton L Stretton and Jared Freeman and Peter
                  Bilazarian },
  title =	 {Team Training in Distributed Simulation-Based Exercises },
  booktitle =	 {48th Annual Meeting of the Human Factors and Ergonomics
                  Society },
  year =	 {2004}
}

@Article{ Lawrence97 ,
  author =	 { Barbara Lawrence },
  title =	 { The Black Box of Organizational Demography },
  journal =	 { Organizational Science },
  year =	 { 1997},
  volume =	 { 8},
}

@Article{Lowrance03,
  author = 	 {W. Lowrance},
  title = 	 {Learning from experience: privacy and the secondary use of data},
  journal = 	 {Journal of Health Services Research and Policy},
  year = 	 {2003},
  volume = 	 {8},
  number =	 {3}
}

@Article{Maldonado05,
  author =	 {Jose C. Maldonado and Emerson Doria and Lucuiana
                  Martimiano and Sandra Fabbri and Jeffrey Carver and
                  Forrest Shull and Victor Basili and Manoel Mendonca},
  title =	 {Perspective-Based Reading: A Replicated Experiment
                  Focused on Individual Reviewer Effectiveness},
  journal =	 {International Journal of Empirical Software Engineering},
  year =	 {2005},
  volume =	 {10},
  number =	 {3},
  month =	 {September}
}

@article{Malone99, 
  Author =      { T. W. Malone and K. G. Crowston and J. Lee and B. T. Pentland 
                  and C. Dellarocas and G. Wyner and J. Quimby and C. S. Osborn 
                  and A. Bernstein and G. Herman and M. Klein and E. O'Donnell },
  Title =       {Tools for Inventing Organizations: Towards a Handbook of Organizational Processes},
  journal =	 { Management Science },
  year =	 {1999 },
  volume =	 {45},
  month =	 {March },
  number =	 {3 }
}

@Misc{MediaMatrix,
  title =	 {{The Media Matrix}},
  howpublished = {http://www.matrix.msu.edu/digital.php}
}

@book{ Miles84,
  Author =	 { Matthew B. Miles and A. Michael Huberman },
  Title =	 {Qualitative Data Analysis: A Sourcebook of New Methods},
  Publisher =	 {Sage},
  Address =	 {Beverly Hills},
  Year =	 {1984}
}

@Book{ Mishler86,
  author =	 { E. G. Mishler },
  title =	 { Research Interviewing: Context and Narrative },
  Publisher =	 { Harvard University Press },
  Address =	 { Cambridge, MA },
  year =	 { 1986}
}

@Article{Morisio02,
  author = 	 {M. Morisio and C. Seaman and V. Basili and A. Parra and S. Raft and S. Condon},
  title = 	 {{COTS}-based Software development processes and open issues},
  journal = 	 {Journal of Systems and Software},
  year = 	 {2002},
  volume =	 {61},
  number =	 {3},
  month =	 {April}
}

@Article{Nelson91 ,
  author =	 { Reed E. Nelson and Mathews, K. Michael },
  title =	 { Cause maps and social network analysis in organizational
                  diagnosis },
  journal =	 { Journal of Applied Behavioral Science },
  year =	 {1991 },
  volume =	 {27 },
  number =	 {3 }
}



@InProceedings{Numrich05,
  author =	 {Robert Numrich and Lorin Hochstein and Victor Basili},
  title =	 {A metric space for productivity measurement in software
                  development},
  booktitle =	 {Second International Workshop on Software Engineering for
                  High Performance Computing System Applications},
  month =	 {May},
  year =	 {2005},
  address =	 {St. Louis, MO.}
}

@InProceedings{Nystrom05,
  author =	 {Nicholas Nystrom and John Urbanic and Christina Savinell},
  title =	 {Understanding productivity through non-intrusive
                  instrumentation and statistical learning},
  booktitle =	 {Second Workshop on Productivity and Performance in
                  High-End Computing},
  year =	 {2005}
}



@article{Olson94,
  Author =	 { Gary M. Olson and James D. Herbsleb and Henry
                  H. Rueter },
  Title =	 {Characterizing the Sequential Structure of Interactive
                  Behaviors through Statistical and Grammatical Techniques},
  Journal =	 {Human Computer Interaction},
  Volume =	 {9},
  Pages =	 {427-472},
  Year =	 {1994}
}



@Article{Pentland03a ,
  author =	 {B. T. Pentland},
  title =	 { Sequential variety in work processes },
  journal =	 { Organization Science },
  year =	 {2003 },
  volume =	 { 14},
  number =	 {5}
}

@Article{ Pentland03b,
  author =	 {B. T. Pentland },
  title =	 { Conceptualizing and Measuring Variety in Organizational
                  Work Processes },
  journal =	 { Management Science },
  year =	 {2003 },
  volume =	 {49 },
  number =	 {7 }
}

@InBook{Pentland05,
  author =	 {Brian T. Pentland},
  title =	 {Variations in Organization Science: Essays in Honor of
                  Donald T. Campbell},
  chapter =	 {Organizations As Networks Of Action},
  publisher =	 {Thousand Oaks, CA: Sage},
  year =	 {2005 (expected)}
}

@Article{Pentland92,
  author = 	 {B. T. Pentland},
  title = 	 {Organizing Moves in Software Support Hot Lines},
  journal = 	 {Administrative Science Quarterly},
  year = 	 {1992},
  volume =	 {37},
  number =	 {4}
}

@Article{ Pentland99a,
  author =	 { B. T. Pentland },
  title =	 { Building process theory with narrative: From description
                  to explanation },
  journal =	 { Academy of Management Review },
  year =	 {1999 },
  volume =	 { 24},
  number =	 { 4}
}


@InProceedings{Post05,
  author =	 {Douglass Post and Kendall Richard and Whitney Earl},
  title =	 {Case study of the {F}alcon code project},
  booktitle =	 {Second International Workshop on Software Engineering for
                  High Performance Computing System Applications},
  month =	 {May},
  year =	 {2005},
  address =	 {St. Louis, MO.}
}

@book{ Propp28,
  Author =	 { Vladimir Propp },
  Title =	 {Morphology of the Russian Folktale},
  Publisher =	 {University of Texas},
  Address =	 {Austin, TX},
  Year =	 {1928/1977}
}

@Misc{Qualidata,
  title =	 {{QualiData}},
  howpublished = {http://www.esds.ac.uk/qualidata/about/introduction.asp}
}

@Book{ Ragin87,
  author =	 { Charles C. Ragin },
  title =	 { The Comparative Method: Moving Beyond Qualitative and
                  Quantitative Strategies },
  Publisher =	 { University of California Press },
  Address =	 { Berkeley },
  year =	 { 1987}
}

@Book{ Ragin88,
  author =	 { Charles C. Ragin },
  title =	 { Between Complexity and Generality: The Logic of
                  Qualitative Comparison },
  Publisher =	 { University of California Press },
  Address =	 { Berkeley },
  year =	 { 1988}
}


@incollection{ Ricoeur81,
  Author =	 { Paul Ricoeur },
  Title =	 {The model of the text: Meaningful action considered as
                  text},
  BookTitle =	 {Hermeneutics and the human sciences: Essays on language,
                  action and interpretation},
  Editor =	 {John B. Thompson},
  Publisher =	 {Cambridge University Press},
  Address =	 {Cambridge},
  Pages =	 {197-221},
  Year =	 {1981}
}

@Book{Riessman93,
  author =	 {Catherine Riessman},
  title = 	 {Narrative Analysis},
  publisher = 	 {Sage},
  year = 	 {1993},
  address =	 {Newbury Park}
}

@InProceedings{Rizvi02,
  author = 	 {S. Rizvi and J. Haritsa},
  title = 	 {Maintaining data privacy in association rule mining},
  booktitle =	 {Proceedings of the 28th {VLDB} Conference},
  year =	 {2002},
  address =	 {Hong Kong, China}
}

@Article{Rus02,
  author = 	 {I. Rus and C. Seaman and M. Lindvall and V. Basili and B. Boehm},
  title = 	 {A web repository of lessons learned from {COTS}-based software development},
  journal = 	 {Crosstalk},
  year = 	 {2002},
  volume =	 {15},
  number =	 {9},
  month =	 {September}
}

@article{ Sabherwal93,
  Author =	 { Rajiv Sabherwal and Daniel Robey },
  Title =	 {An Empirical Taxonomy of Implementation Processes Based
                  on Sequences of Events in Information System Development},
  Journal =	 {Organization Science},
  Volume =	 {4},
  Number =	 {4},
  Pages =	 {548-576},
  Year =	 {1993}
}

@book{ Schank77,
  Author =	 { Roger C. Schank and Robert P. Abelson },
  Title =	 {Scripts, Plans, Goals and Understanding: an Inquiry into
                  Human Knowledge Structures},
  Publisher =	 {Lawrence Erlbaum},
  Address =	 {Hillsdale, NJ},
  Year =	 {1977}
}

@Book{Searle95,
  author =	 {John R. Searle},
  title = 	 {The Construction of Social Reality},
  publisher = 	 {Allen Lane},
  year = 	 {1995},
  address =	 {London}
}


@InProceedings{Shull02,
  author = 	 {F. Shull and V. Basili and J. Carver and J. Maldonado and G. Travassos and M. Mendonca and S. Fabbri},
  title = 	 {Replicating software engineering experiments: Addressing the tacit knowledge problem},
  booktitle =	 {Proceedings of the international symposium on Empirical Software Engineering},
  year =	 {2002}
}

@InProceedings{Shull02b,
  author = 	 {F. Shull and V. Basili and M. Zelkowitz and B. Boehm and A. Brown and P. Costa and M. Lindvall and I. Rus and D. Port and R. Tesoriero},
  title = 	 {What we have learned about fighting defects},
  booktitle =	 {Proceedings of the International Symposium on Software Metrics},
  year =	 {2002},
  address =	 {Ottawa, Canada}
}

@Article{Shull04,
  author =	 {Forrest Shull and Manoel Mendonca and Victor Basili and
                  Jeffrey Carver and Jose Maldonado and Sandra Fabbri and
                  Guilherme Travassos and Maria Ferreira},
  title =	 {Knowledge-Sharing Issues in Experimental Software
                  Engineering},
  journal =	 {International Journal of Empirical Software Engineering},
  year =	 {2004},
  volume =	 {1},
  number =	 {9}
}

@Article{Singer02,
  author = 	 {J. Singer and N. Vinson},
  title = 	 {Ethical issues in Empirical Studies of Software Engineering},
  journal = 	 {{IEEE} Transactions on Software Engineering},
  year = 	 {2002},
  volume =	 {28}
}

@InProceedings{Smith05,
  author =	 {Burton Smith and David Mizell and John Gilbert and Viral
                  Shah},
  title =	 {Towards a timed markov process model of software
                  development},
  booktitle =	 {Second International Workshop on Software Engineering for
                  High Performance Computing System Applications},
  month =	 {May},
  year =	 {2005},
  address =	 {St. Louis, MO.}
}



@Book{ Sowa84,
  author =	 { John F. Sowa },
  title =	 {Conceptual Structures: Information Processing in Mind and
                  Machine },
  Publisher =	 {Addison-Wesley },
  Address =	 { Reading, MA },
  year =	 {1984 }
}

@InProceedings{Spiekermann01,
  author = 	 {S. Spiekermann and J. Grossklags and B. Berendt},
  title = 	 {E-Privacy in 2nd generation E-Commerce: Privacy preferences vs. actual behavior},
  booktitle =	 {Proceedings of Electronic Commerce 2001},
  year =	 {2001},
  address =	 {Tampa, FL.}
}

@book{ Spradley79,
  Author =	 { James P. Spradley},
  Title =	 {The Ethnographic Interview},
  Publisher =	 {Holt, Rinehart, Winston},
  Address =	 {New York},
  Year =	 {1979}
}


@Book{Spradley79,
  author =	 {John Spradley},
  title = 	 {The Ethnographic Interview},
  publisher = 	 {Holt, Rinehart and Winston},
  year = 	 {1979},
  address =	 {New York}
}

@Book{Stack74,
  author =	 {Carolyn Stack},
  title = 	 {All our kin: Stategies for survival in a Black community},
  publisher = 	 {Harper and Row},
  year = 	 {1974},
  address =	 {New York}
}

@Article{ Stevenson00,
  author =	 { William B. Stevenson and Danna N. Greenberg },
  title =	 { Agency and social networks: Strategies of action in a
                  social structure of position, opposition, and opportunity
                  },
  journal =	 { Administrative Science Quarterly },
  year =	 { 2000},
  volume =	 { 45}
}

@Article{ Stevenson03,
  author =	 {W. Stevenson and H. Zinzow and S. Sridharan },
  title =	 { Using event structure analysis to understand planned
                  social change },
  journal =	 { International Journal of Qualitative Methods },
  year =	 {2003 },
  volume =	 { 2},
  number =	 { 2}
}

@Article{ Stevenson98,
  author =	 { W. B. Stevenson and D. N. Greenberg  },
  title =	 { The formal analysis of narratives of organizational change },
  journal =	 { Journal of Management },
  year =	 { 1998},
  volume =	 { 24} 
}



@book{ Todorov81, 
   Author = { Tzvetan Todorov },
   Title = {Introduction to Poetics},
   Publisher = {University of Minnesota Press},
   Address = {Minneapolis},
 Year = {1981} }



@article{ VandeVen90, 
   Author = { Andrew H. Van de Ven and Marshall Scott Poole },
   Title = {Methods for Studying Innovation Development in the Minnesota Innovations Research Program},
   Journal = {Organization Science},
   Volume = {1},
   Number = {3},
   Pages = {313-335},
 Year = {1990} }



@article{Varsarhelyi04,
   Author = {Miklos A. Vasarhelyi and Michael G. Alles and Alexander Kogan },
   Title = {Principles of analytic monitoring for continuous assurance },
   Journal = { Journal of emerging technologies in accounting },
   Volume = {1},
   Number = {1},
   Pages = {1-21},
 Year = {2004} }

@InProceedings{Votta05,
  author =	 {Larry Votta and Susan Squires and Walter Tichy},
  title =	 {What do programmers of parallel machines need? A survey},
  booktitle =	 {Second Workshop on Productivity and Performance in
                  High-End Computing},
  address =	 {San Francisco, CA.},
  year =	 {2005}
}



@book{Weitzman95,
   Author = { Eben A. Weitzman, and M. Miles},
   Title = {Computer Programs for Qualitative Data Analysis},
   Publisher = {Sage},
   Address = {Thousand Oaks, CA},
   Year = {1995} 
}

@book{White92,
   Author = { Harrison C. White },
   Title = {Identity and Control: A Structural Theory of Social Action},
   Publisher = {Princeton University Press},
   Address = {Princeton, NJ},
 Year = {1992} 
}

@book{ Yamaguchi91, 
   Author = {Yamaguchi, Kazuo},
   Title = {Event History Analysis},
   Publisher = {Sage Publications},
   Address = {Newbury Park},
   Volume = {28},
   Year = {1991} 
}


@InBook{Young96,
  author =	 {Iris Young},
  title = 	 {Democracy and Difference},
  chapter = 	 {Communication and the Other: Beyond Deliberative Democracy},
  publisher = 	 {Princeton University Press},
  year = 	 {1996},
  address =	 {Princeton, NJ}
}


@Misc{garageband,
  title =	 {GarageBand},
  howpublished = {http://www.apple.com/ilife/garageband/}
}

@Misc{hpcs,
  title =	 {The {DARPA} High Productivity Computing Systems Program},
  howpublished = {http://www.highproductivity.org/}
}

@Misc{hpcs-meeting,
  title =	 {High Productivity Team Workshop, {J}anuary, 2005},
  howpublished = {http://www.highproductivity.org/Meetings-events.htm}
}

@Proceedings{ijhpca04,
  title =	 {Special Issue of the International Journal of High
                  Performance Computing Applications on {HPC} Productivity},
  year =	 {2004},
  editor =	 {Jeremy Kepner},
  month =	 {November}
}

@Misc{keds,
  title =	 {{The Kansas Event Data System (KEDS)}},
  howpublished = {http://www.ku.edu/~keds/}
}

@Book{pphec05,
  editor =	 {Ram Rajamony},
  title =	 {Second Workshop on Productivity and Performance in
                  High-End Computing},
  publisher =	 {IEEE Computer Society},
  year =	 {2005},
  address =	 {San Francisco, CA.},
  month =	 {February},
  note =	 {http://www.research.ibm.com/arl/pphec/}
}

@Book{sehpcs05,
  editor =	 {Philip M. Johnson},
  title =	 {Second International Workshop on Software Engineering for
                  High Performance Computing System Applications},
  publisher =	 {Association for Computing Machinery},
  year =	 {2005},
  month =	 {May},
  note =	 {http://csdl.ics.hawaii.edu/se-hpcs/}
}

