%%%%%%%%%%%%%%%%%%%%%%%%%%%%%% -*- Mode: Bibtex -*- %%%%%%%%%%%%%%%%%%%%%%%%%%%%
%% nsf.bib -- 
%% Author          : Philip Johnson
%% Created On      : Wed Aug 11 12:53:57 1993
%% Last Modified By: Philip M. Johnson
%% Last Modified On: Tue May 17 15:15:11 2005
%% Status          : Unknown
%%%%%%%%%%%%%%%%%%%%%%%%%%%%%%%%%%%%%%%%%%%%%%%%%%%%%%%%%%%%%%%%%%%%%%%%%%%%%%%
%%   Copyright (C) 1993 University of Hawaii
%%%%%%%%%%%%%%%%%%%%%%%%%%%%%%%%%%%%%%%%%%%%%%%%%%%%%%%%%%%%%%%%%%%%%%%%%%%%%%%





@Book{Austen96,
  author =	 {Robert Austen},
  title = 	 {Measuring and managing performance in organization},
  year = 	 {1996}
}

@Article{Basili01,
  author =	 {V. Basili and B. Boehm},
  title =	 {{COTS}-based Systems Top 10 List},
  journal =	 {{IEEE} Computer},
  year =	 {2001},
  volume =	 {34},
  month =	 {May},
  number =	 {5}
}

@InProceedings{Basili01b,
  author = 	 {V. Basili and M. Lindvall and P. Costa},
  title = 	 {Implementing the Experience Factory concepts as a set of experience bases},
  booktitle =	 {Proceedings of the 13th International Conference on Software Engineering and Knowledge Engineering},
  year =	 {2001}
}

@Article{Basili02,
  author = 	 {V. Basili and C. Seaman},
  title = 	 {The Experience Factory Organization},
  journal = 	 {{IEEE} Software},
  year = 	 {2002},
  month =	 {June}
}

@InProceedings{Basili02b,
  author = 	 {V. Basili and M. Lindvall and F. Shull},
  title = 	 {A light-weight process for capturing and evolving defect reduction experience},
  booktitle =	 {Proceedings of hte 8th {IEEE} International Conference on Engineering of Complex Computer Systems},
  year =	 {2002},
  address =	 {Los Alamitos}
}

@TechReport{Basili05,
  author =	 {Victor Basili and Marv Zelkowitz and Dag Sjoberg and
                  Philip Johnson and Tony Cowling},
  title =	 {Ownership of data, testbeds, and artifacts},
  institution =	 {University of Maryland/Fraunhofer Institute USA Technical
                  Report ???},
  year =	 {2005}
}

@Article{Basili85,
  author =	 {V. Basili and R. Selby},
  title =	 {Comparing the Effectiveness of Software Testing
                  Strategies},
  journal =	 {{IEEE} Transactions on Software Engineering},
  year =	 {1987},
  month =	 {December}
}

@Article{Basili95,
  author =	 {V. Basili and M. Zelkowitz and F. McGarry and J. Page and
                  S. Waligora and R. Pajerski},
  title =	 {Special Report: {SEL}'s Software Process-Improvement
                  Program},
  journal =	 {{IEEE} Software},
  year =	 {1995},
  volume =	 {12},
  number =	 {6},
  month =	 {November}
}

@Article{Basili96,
  author =	 {V. Basili and S. Green and O. Laitenberger and F. Shull
                  and S. Sorumgaard and M. Zelkowitz},
  title =	 {The Empirical Investigation of Perspective-based Reading},
  journal =	 {International Journal of Empirical Software Engineering},
  year =	 {1996},
  volume =	 {1},
  number =	 {2},
  month =	 {October}
}

@Article{Basili99,
  author =	 {V. Basili and F. Shull and F. Lanubile},
  title =	 {Building Knowledge through Families of Experiments},
  journal =	 {{IEEE} Transactions on Software Engineering},
  year =	 {1999},
  volume =	 {25},
  number =	 {4}
}

@Book{Beck03,
  author =	 "Kent Beck",
  title =	 "{T}est-{D}riven {D}evelopment by {E}xample",
  publisher =	 "Addison Wesley",
  year =	 "2003"
}

@Book{Bennett81,
  author =	 {W. Lance Bennett and Martha S. Feldman},
  title = 	 {Reconstructing reality in the courtroom: justice and judgement in American culture},
  publisher = 	 {Rutgers University Press},
  year = 	 {1981}
}

@Article{Boehm01,
  author =	 {B. Boehm and V. Basili},
  title =	 {Software Defect Reduction Top 10 List},
  journal =	 {{IEEE} Computer},
  year =	 {2001},
  volume =	 {34},
  month =	 {January},
  number =	 {1}
}

@Article{Boehm02,
  author = 	 {B. Boehm and D. Port and A. Jain and V. Basili},
  title = 	 {Achieving {CMMI} Level 5 improvements with {MBASE} and the {CeBase} Method},
  journal = 	 {Crosstalk},
  year = 	 {2002},
  month =	 {May}
}

@Book{Bourdieu77,
  author =	 {P. Bourdieu},
  title = 	 {Outline of a theory of practice},
  publisher = 	 {Cambridge University Press},
  year = 	 {1977},
  address =	 {Cambridge}
}



@Book{Bruner90,
  author =	 {Jerome Bruner},
  title = 	 {Acts of Meaning},
  publisher = 	 {Harvard University Press},
  year = 	 {1990},
  address =	 {Cambridge, MA}
}

@InProceedings{Carver04,
  author =	 {J. Carver and S. Asgari and V. Basili and L. Hochstein
                  and J. Hollingsworth and F. Shull and M. Zelkowitz},
  title =	 {Studying Code Development for High Performance Computing:
                  The {HPCS} Program},
  booktitle =	 {Proceedings of the Workshop on Software Engineering for
                  High Productivity Computing Systems Applications},
  year =	 {2004},
  editor =	 {P. Johnson},
  address =	 {Edinburgh, Scotland},
  month =	 {May}
}



@Book{Cicourel68,
  author =	 {Aaron Cicourel},
  title = 	 {The Social Organization of Juvenile Justice},
  publisher = 	 {New York: John Wiley and Sons},
  year = 	 {1968}
}



@PhdThesis{Crampton01,
  author = 	 {D. S. Crampton},
  title = 	 {Making Sense of Foster Care: An Evaluation of Family Group Decision-making in Kent County, Michigan},
  school = 	 {University of Michigan},
  year = 	 {2001}
}

@TechReport{Cranor03,
  author = 	 {L. Cranor and S. Byers and D. Kormann},
  title = 	 {An analysis of {P3P} deployment on commercial, government, and children's websites},
  institution =  {Federal Trade Commission Workshop on Technologies for Protecting Personal Information},
  year = 	 {2003}
}

@InProceedings{Ebcioglu05,
  author =	 {Kemal Ebcioglu and Vijay Saraswat and Vivek Sarkar},
  title =	 {X10: An experimental language for high productivity
                  programming of scalable systems},
  booktitle =	 {Second Workshop on Productivity and Performance in
                  High-End Computing},
  address =	 {San Francisco, CA.},
  year =	 {2005}
}

@Article{Edin91,
  author = 	 {Kathryn Edin},
  title = 	 {Surviving the Welfare System: How the AFDC Recipients Make It in Chicago},
  journal = 	 {Social Problems},
  year = 	 {1991},
  volume =	 {38},
  month =	 {November}
}

@Article{Feldman04,
  author = 	 {Martha Feldman and Kaj Skoldberg and Ruth Brown and Debra Horner},
  title = 	 {Making sense of stories: A rhetorical approach to narrative analysis},
  journal = 	 {Journal of Public Administration},
  year = 	 {2004},
  volume =	 {14},
  number =	 {2}
}

@InBook{Feldman05,
  author =	 {Martha S. Feldman and Brian T. Pentland},
  editor =	 {Markus C. Becker},
  title =	 {Handbook of Organizational Routines},
  chapter =	 {Issues in empirical field studies of organizational
                  routines},
  publisher =	 {Edward Elgar, Cheltenham},
  year =	 {2005},
}

@Book{Feldman95,
  author =	 {Martha Feldman},
  title =	 {Strategies for interpreting qualitative data},
  publisher =	 {Sage Publications},
  year =	 {1995},
  address =	 {Thousand Oaks, CA.}
}

@InProceedings{Funk05,
  author =	 {Andrew Funk and Victor Basili and Lorin Hochstein and
                  Jeremy Kepner},
  title =	 {Application of a Development Time Productivity Metric to
                  Parallel Software Development},
  booktitle =	 {Second International Workshop on Software Engineering for
                  High Performance Computing System Applications},
  month =	 {May},
  year =	 {2005},
  address =	 {St. Louis, MO.}
}

@Book{Garfinkel67,
  author =	 {H. Garfinkel},
  title = 	 {Studies in ethnomethodology},
  publisher = 	 {Polity Press},
  year = 	 {1967},
  address =	 {Cambridge, UK}
}

@Article{Gee86,
  author = 	 {J. Gee},
  title = 	 {Units in the production of narrative discourse},
  journal = 	 {Discourse Processed},
  year = 	 {1986},
  volume =	 {9}
}

@Article{Gustafson04,
  author =	 {John Gustafson},
  title =	 {Purpose-Based Benchmarks},
  journal =	 {International Journal of High Performance Computing
                  Applications},
  year =	 {2004},
  volume =	 {18},
  number =	 {4},
  month =	 {November}
}

@Misc{Hackystat,
  title =	 {Hackystat Developer Services Website},
  howpublished = {http://www.hackystat.org/}
}



@InBook{Huberman94,
  author =	 {Michael Huberman and Matthew Miles},
  editor =	 {Denzin and Lincoln},
  title = 	 {Handbook of Qualitative Research},
  chapter = 	 {Data management and analysis methods},
  publisher = 	 {Sage},
  year = 	 {1994}
}

@InProceedings{Iyengar02,
  author = 	 {V. Iyengar},
  title = 	 {Transforming data to satisfy privacy constraints},
  booktitle =	 {Proceedings of {SIGKDD} 2002},
  year =	 {2002},
  address =	 {Alberta, Canada}
}

@InProceedings{Jiwnani02,
  author = 	 {K. Jiwnani and M. Zelkowitz},
  title = 	 {Software testing from a security perspective},
  booktitle =	 {International Conference on Software Maintenance},
  year =	 {2002},
  address =	 {Montreal, Canada}
}

@InProceedings{Johnson05,
  author =	 {Philip M. Johnson and Michael G. Paulding},
  title =	 {Understanding {HPC} development through automated process
                  and product measurement with {H}ackystat},
  booktitle =	 {Second Workshop on Productivity and Performance in
                  High-End Computing},
  address =	 {San Francisco, CA.},
  year =	 {2005}
}

@Article{Lowrance03,
  author = 	 {W. Lowrance},
  title = 	 {Learning from experience: privacy and the secondary use of data},
  journal = 	 {Journal of Health Services Research and Policy},
  year = 	 {2003},
  volume = 	 {8},
  number =	 {3}
}

@Article{Maldonado05,
  author =	 {Jose C. Maldonado and Emerson Doria and Lucuiana
                  Martimiano and Sandra Fabbri and Jeffrey Carver and
                  Forrest Shull and Victor Basili and Manoel Mendonca},
  title =	 {Perspective-Based Reading: A Replicated Experiment
                  Focused on Individual Reviewer Effectiveness},
  journal =	 {International Journal of Empirical Software Engineering},
  year =	 {2005},
  volume =	 {10},
  number =	 {3},
  month =	 {September}
}

@Misc{MediaMatrix,
  title =	 {{The Media Matrix}},
  howpublished = {http://www.matrix.msu.edu/digital.php}
}




@Book{Mishler86,
  author =	 {E. Mishler},
  title = 	 {Research Interviewing: Context and Narrative},
  publisher = 	 {Harvard University Press},
  year = 	 {1986},
  address =	 {Cambridge, MA}
}

@Article{Morisio02,
  author = 	 {M. Morisio and C. Seaman and V. Basili and A. Parra and S. Raft and S. Condon},
  title = 	 {{COTS}-based Software development processes and open issues},
  journal = 	 {Journal of Systems and Software},
  year = 	 {2002},
  volume =	 {61},
  number =	 {3},
  month =	 {April}
}

@InProceedings{Numrich05,
  author =	 {Robert Numrich and Lorin Hochstein and Victor Basili},
  title =	 {A metric space for productivity measurement in software
                  development},
  booktitle =	 {Second International Workshop on Software Engineering for
                  High Performance Computing System Applications},
  month =	 {May},
  year =	 {2005},
  address =	 {St. Louis, MO.}
}

@InProceedings{Nystrom05,
  author =	 {Nicholas Nystrom and John Urbanic and Christina Savinell},
  title =	 {Understanding productivity through non-intrusive
                  instrumentation and statistical learning},
  booktitle =	 {Second Workshop on Productivity and Performance in
                  High-End Computing},
  year =	 {2005}
}

@InBook{Pentland05,
  author =	 {Brian T. Pentland},
  title =	 {Variations in Organization Science: Essays in Honor of
                  Donald T. Campbell},
  chapter =	 {Organizations As Networks Of Action},
  publisher =	 {Thousand Oaks, CA: Sage},
  year =	 {2005 (expected)}
}



@Article{Pentland92,
  author = 	 {B. T. Pentland},
  title = 	 {Organizing Moves in Software Support Hot Lines},
  journal = 	 {Administrative Science Quarterly},
  year = 	 {1992},
  volume =	 {37},
  number =	 {4}
}

@InProceedings{Post05,
  author =	 {Douglass Post and Kendall Richard and Whitney Earl},
  title =	 {Case study of the {F}alcon code project},
  booktitle =	 {Second International Workshop on Software Engineering for
                  High Performance Computing System Applications},
  month =	 {May},
  year =	 {2005},
  address =	 {St. Louis, MO.}
}

@Misc{Qualidata,
  title =	 {{QualiData}},
  howpublished = {http://www.esds.ac.uk/qualidata/about/introduction.asp}
}


@Book{Riessman93,
  author =	 {Catherine Riessman},
  title = 	 {Narrative Analysis},
  publisher = 	 {Sage},
  year = 	 {1993},
  address =	 {Newbury Park}
}

@InProceedings{Rizvi02,
  author = 	 {S. Rizvi and J. Haritsa},
  title = 	 {Maintaining data privacy in association rule mining},
  booktitle =	 {Proceedings of the 28th {VLDB} Conference},
  year =	 {2002},
  address =	 {Hong Kong, China}
}

@Article{Rus02,
  author = 	 {I. Rus and C. Seaman and M. Lindvall and V. Basili and B. Boehm},
  title = 	 {A web repository of lessons learned from {COTS}-based software development},
  journal = 	 {Crosstalk},
  year = 	 {2002},
  volume =	 {15},
  number =	 {9},
  month =	 {September}
}

@Book{Searle95,
  author =	 {John R. Searle},
  title = 	 {The Construction of Social Reality},
  publisher = 	 {Allen Lane},
  year = 	 {1995},
  address =	 {London}
}

@InProceedings{Shull02,
  author = 	 {F. Shull and V. Basili and J. Carver and J. Maldonado and G. Travassos and M. Mendonca and S. Fabbri},
  title = 	 {Replicating software engineering experiments: Addressing the tacit knowledge problem},
  booktitle =	 {Proceedings of the international symposium on Empirical Software Engineering},
  year =	 {2002}
}



@InProceedings{Shull02b,
  author = 	 {F. Shull and V. Basili and M. Zelkowitz and B. Boehm and A. Brown and P. Costa and M. Lindvall and I. Rus and D. Port and R. Tesoriero},
  title = 	 {What we have learned about fighting defects},
  booktitle =	 {Proceedings of the International Symposium on Software Metrics},
  year =	 {2002},
  address =	 {Ottawa, Canada}
}



@Article{Shull04,
  author =	 {Forrest Shull and Manoel Mendonca and Victor Basili and
                  Jeffrey Carver and Jose Maldonado and Sandra Fabbri and
                  Guilherme Travassos and Maria Ferreira},
  title =	 {Knowledge-Sharing Issues in Experimental Software
                  Engineering},
  journal =	 {International Journal of Empirical Software Engineering},
  year =	 {2004},
  volume =	 {1},
  number =	 {9}
}



@Article{Singer02,
  author = 	 {J. Singer and N. Vinson},
  title = 	 {Ethical issues in Empirical Studies of Software Engineering},
  journal = 	 {{IEEE} Transactions on Software Engineering},
  year = 	 {2002},
  volume =	 {28}
}

@InProceedings{Smith05,
  author =	 {Burton Smith and David Mizell and John Gilbert and Viral
                  Shah},
  title =	 {Towards a timed markov process model of software
                  development},
  booktitle =	 {Second International Workshop on Software Engineering for
                  High Performance Computing System Applications},
  month =	 {May},
  year =	 {2005},
  address =	 {St. Louis, MO.}
}

@InProceedings{Spiekermann01,
  author = 	 {S. Spiekermann and J. Grossklags and B. Berendt},
  title = 	 {E-Privacy in 2nd generation E-Commerce: Privacy preferences vs. actual behavior},
  booktitle =	 {Proceedings of Electronic Commerce 2001},
  year =	 {2001},
  address =	 {Tampa, FL.}
}



@Book{Spradley79,
  author =	 {John Spradley},
  title = 	 {The Ethnographic Interview},
  publisher = 	 {Holt, Rinehart and Winston},
  year = 	 {1979},
  address =	 {New York}
}

@Book{Stack74,
  author =	 {Carolyn Stack},
  title = 	 {All our kin: Stategies for survival in a Black community},
  publisher = 	 {Harper and Row},
  year = 	 {1974},
  address =	 {New York}
}

@InProceedings{Votta05,
  author =	 {Larry Votta and Susan Squires and Walter Tichy},
  title =	 {What do programmers of parallel machines need? A survey},
  booktitle =	 {Second Workshop on Productivity and Performance in
                  High-End Computing},
  address =	 {San Francisco, CA.},
  year =	 {2005}
}

@Book{Weitzman95,
  author =	 {E. Weitzman and M. Miles},
  title =	 {A Software Source Book: Computer Programs for Qualitative
                  Data Analysis},
  publisher =	 {Sage Publications},
  year =	 {1995},
  address =	 {Thousand Oaks, CA.}
}


@InBook{Young96,
  author =	 {Iris Young},
  editor =	 {Seyla Benhabib},
  title = 	 {Democracy and Difference},
  chapter = 	 {Communication and the Other: Beyond Deliberative Democracy},
  publisher = 	 {Princeton University Press},
  year = 	 {1996},
  address =	 {Princeton, NJ},
}

@Article{csdl2-04-11,
  author =	 {Philip M. Johnson and Hongbing Kou and Michael
                  G. Paulding and Qin Zhang and Aaron Kagawa and Takuya
                  Yamashita},
  title =	 {Improving Software Development Management through
                  Software Project Telemetry},
  journal =	 {{IEEE} Software},
  year =	 {2005},
  month =	 {August}
}

@Misc{garageband,
  title =	 {GarageBand},
  howpublished = {http://www.apple.com/ilife/garageband/}
}

@Misc{hpcs,
  title =	 {The {DARPA} High Productivity Computing Systems Program},
  howpublished = {http://www.highproductivity.org/}
}

@Misc{hpcs-meeting,
  title =	 {High Productivity Team Workshop, {J}anuary, 2005},
  howpublished = {http://www.highproductivity.org/Meetings-events.htm}
}

@Proceedings{ijhpca04,
  title =	 {Special Issue of the International Journal of High
                  Performance Computing Applications on {HPC} Productivity},
  year =	 {2004},
  editor =	 {Jeremy Kepner},
  month =	 {November}
}

@Misc{keds,
  title =	 {{The Kansas Event Data System (KEDS)}},
  howpublished = {http://www.ku.edu/~keds/}
}

@Book{pphec05,
  editor =	 {Ram Rajamony},
  title =	 {Second Workshop on Productivity and Performance in
                  High-End Computing},
  publisher =	 {IEEE Computer Society},
  year =	 {2005},
  address =	 {San Francisco, CA.},
  month =	 {February},
  note =	 {http://www.research.ibm.com/arl/pphec/}
}

@Book{sehpcs05,
  editor =	 {Philip M. Johnson},
  title =	 {Second International Workshop on Software Engineering for
                  High Performance Computing System Applications},
  publisher =	 {Association for Computing Machinery},
  year =	 {2005},
  month =	 {May},
  note =	 {http://csdl.ics.hawaii.edu/se-hpcs/}
}

