@techreport{csdl-92-02,
   author = {Danu Tjahjono},
   INSTITUTION = {University of Hawaii Department of Information and Computer Sciences},
   MONTH = {apr},
   NUMBER = {92-02},
   TITLE = {Collaborative Code Review},
   TYPE = {CSDL Technical Report},
   YEAR = 1992
}

@inproceedings{Hart82,
   author = {J. Hart},
   journal = {Proceedings of COMPSAC'82. IEEE Computer Society's Sixth
   International Computer Software and Applications Conference. Silver
   Spring, MD},
   pages = {515-522},
   publisher = {IEEE Computer Society Press},
   title = {The Effectiveness of Design and Code Walkthroughs},
   year = 1982
}

@article{Jones85,
   author = {C.L. Jones},
   journal = {IBM Systems Journal},
   number = 2,
   volume = 24,
   pages = {150-167},
   title = {A process-integrated approach to defect prevention},
   year = 1985
}

@book{Linger79,
   author = {R.C. Linger and H.D. Mills and B.I. Witt},
   publisher = {Addision-Wesley Publishing Company},
   title = {Structured Programming: Theory and Practice},
   year = 1979
}

@book{Gilb88,
   author = {Tom Gilb},
   publisher = {Addison-Wesley Publishing Co.},
   title = {Principles of Software Engineering Management},
   year = 1988
}

@inproceedings{Basili85,
   author = {Victor R. Basili and Richard W. Selby, Jr.},
   booktitle = {Software System Design Methods. The Challenge of  Advanced Computing Technology},
   journal = {Proceedings of the NATO Advanced Study Institute on The  Challenge of Advanced Computing Technology of System Design Methods},
   pages = {3-33},
   publisher = {Springer-Verlag},
   title = {Four Applications of A Software Data Collection And  Analysis Methodology},
   year = 1985
}


@book{Myers79,
   author = {Glenford J. Myers},
   publisher = {John Wiley \& Sons},
   title = {The Art of Software Testing},
   year = 1979
}

@article{Russel91,
   author = {Glen W. Russel},
   journal = {IEEE Software},
   month = jan,
   pages = {25-31},
   title = {Experience with inspection in ultralarge-scale developments},
   year = 1991
}

@inproceedings{Conklin88,
   author = {Jeff Conklin and Michael L. Begeman},
   address = {Portland, Oregon},
   booktitle = {Proceedings of the Conference on Computer-Supported Cooperative Work (CSCW '88)},
   journal = {Proceedings of the Conference on Computer-Supported Cooperative Work (CSCW '88). Portland, Oregon},
   pages = {140-152},
   publisher = {ACM Press},
   title = {gIBIS: A hypertext tool for exploratory policy discussion},
   year = 1988
}

@article{Nunamaker91,
   author = {J. F. Nunamaker and Alan R. Dennis and Joseph S. Valacich and Douglas R. Vogel and Joey F. George},
   journal = {Communication of the ACM},
   month = jul,
   number = 7,
   pages = {42-61},
   title = {Electronic Meeting Systems to Support Group Work},
   volume = 34,
   year = 1991
}

@article{Parnas85,
   author = {D. W. Parnas and D.M Weiss},
   journal = {Proceedings of Eighth International Conference on Software Engineering, London, England},
   month = aug,
   pages = {132-136},
   title = {Active Design Reviews: Principles and Practices},
   year = 1985
}

@article{Knight91,
   author = {John C. Knight and E. Ann Myers},
   journal = {Software Engineering Notes},
   month = jul,
   number = 3,
   pages = {29-35},
   title = {Phased Inspections and Their Implementation},
   volume = 16,
   year = 1991
}

@book{Soloway86,
   author = {Elliot Soloway and Sitharama Iyengar},
   address = {Norwood, New Jersey },
   publisher = {ABLEX Publishing Corporation},
   title = {Empirical Studies of Programmers},
   year = 1986
}

@book{Deimel91,
   author = {Lionel E. Deimel},
   address = {Carnegie Mellon University},
   month = may,
   publisher = {Software Engineering Institute},
   title = {Scenes of Software Inspections. Video Dramatizations for the Classroom},
   year = 1991
}

@article{McGinnis90,
   author = {Denise R. McGinnis and C. Joseph Sass},
   journal = {The Journal of Computer Information System},
   number = 1,
   pages = 31,
   title = {The impact of walkthroughs on program correctness using third and fourth generation programming languages},
   volume = 31,
   year = 1991,
  annote = {Fall1991}
}

@article{Myers78,
   author = {G. Myers},
   journal = {Communications of the ACM},
   month = sep,
   number = 9,
   pages = {760-768},
   title = {A controlled experiment in program testing and code walkthrough/ inspection},
   volume = 21,
   year = 78,
  annote = {This is probably the only article that speak  disfavourably against code inspection}
}

@article{Martin90,
   author = {Johnny Martin and W. T Tsai},
   journal = {Communications of the ACM},
   month = feb,
   number = 2,
   pages = {225-232},
   title = {N-Fold Inspection: A Requirement Analysis Technique},
   volume = 33,
   year = 1990,
  annote = {Smaller group size is more productive}
}

@book{Freedman82,
   author = {D. P. Freedman and G. M. Wienberg},
   publisher = {Little, Brown},
   title = {Handbook of Walkthroughs, Inspections and Technical Reviews},
   year = 1982,
  annote = {Hamilton Lib}
}

@article{Weinberg84,
   author = {G. M. Weinberg and D. P. Freedman},
   journal = {IEEE Transactions on Software Engineering},
   number = 1,
   pages = {49-59},
   title = {Reviews, Walkthroughs, and Inspections in Project Management Systems},
   volume = 10,
   year = 1984
}

@article{Britcher88,
   author = {R. N. Britcher},
   journal = {IEEE Computer},
   month = nov,
   title = {Using inspection to investigate program correctness},
   year = 1988
}

@article{Lemos80,
   author = {R. S. Lemos},
   journal = {Computer Journal},
   number = 3,
   pages = {377-380},
   title = {Discussion and correspondence measuring student's attitudes towards structured walk-throughs},
   volume = 23,
   year = 1980
}

@article{Anom79,
   author = Anonymous,
   journal = {Communications of the ACM},
   number = 6,
   pages = {335-340},
   title = {An implementation of structured walk-throughs in teaching COBOL programming},
   volume = 22,
   year = 1979
}

@article{Sembugamoorthy90,
   author = {V. Sembugamoorthy and L. Brothers},
   journal = {The 14th Annual Computer Software and Applications Conference (COMSPAC)},
   month = oct,
   title = {ICICLE: Intelligent Code Inspection in a C Language Environment},
   year = 1990,
  annote = {N/A}
}

@article{Fagan76,
   author = {Michael E. Fagan},
   journal = {IBM System Journal},
   number = 3,
   pages = {182-211},
   title = {Design and code inspections to reduce errors in program development},
   volume = 15,
   year = 1976,
  annote = {Pioneer work in code inspection}
}

@article{Fagan86,
   author = {Michael E. Fagan},
   journal = {IEEE Transactions on Software Engineering},
   month = jul,
   number = 7,
   pages = {744-751},
   title = {Advances in Software Inspections},
   volume = {SE-12},
   year = 1986,
  annote = {Supposed to be advances in code inspection, but nothing new is added}
}

@article{Brothers90,
   author = {L. Brothers and V. Sembugamoorthy and M. Muller},
   journal = {CSCW 90 Proceedings},
   month = oct,
   pages = {169-181},
   title = {ICICLE: Groupware for Code Inspection},
   year = 1990
}

@article{Bisant89,
   author = {David B. Bisant and James R. Lyle},
   journal = {IEEE Transactions on Software Engineering},
   month = oct,
   number = 10,
   pages = {1294-1304},
   title = {A Two-Person Inspection Method to Improve Programming Productivity},
   volume = 15,
   year = 1989
}

@article{Ackerman89,
   author = {A. Frank Ackerman and Lynne S. Buchwald and Frank H. Lewski},
   journal = {IEEE Software},
   month = may,
   pages = {31-36},
   title = {Software Inspections: An Effective Verification Process},
   year = 1989
}

@book{Sommerville89,
   author = {Ian Sommerville},
   edition = 3,
   publisher = {Addison Wesley},
   title = {Software Engineering},
   year = 1989
}

@book{Mayrhausen90,
   author = {Anneliese von Mayrhausen},
   publisher = {Academic Press},
   title = {Software Engineering Methods and Management},
   year = 1990
}

@book{Pfleeger91,
   author = {Shari Lawrence Pfleeger},
   edition = 2,
   publisher = {Macmillan Publishing Company},
   title = {Software Engineering  The Production of Quality Software},
   year = 1991
}

@book{Jones90,
   author = {Gregory W. Jones},
   publisher = {John Willey and Sons Inc.},
   title = {Software Engineering},
   year = 1990
}

@book{Fairley85,
   author = {Richard Fairley},
   publisher = {McGraw Hill},
   title = {Software Engineering Concepts},
   year = 1985
}

@book{Matsumoto89,
   author = {Yoshihiro Matsumoto and Yutaka Ohno},
   publisher = {Addison Wesley},
   title = {Japanese Perspective in Software Engineering},
   year = 1989
}

@book{Humphrey90,
   author = {Watts S. Humphrey},
   publisher = {Addison Wesley Publishing Company Inc.},
   title = {Managing the Software Process},
   year = 1990
}

@book{Hollocker90,
   author = {Charles P. Hollocker},
   publisher = {John Wiley and Sons, Inc.},
   title = {Software Reviews and Audits Handbook},
   year = 1990
}

@book{Schach90,
   author = {Stephen R. Schach},
   publisher = {Aksen Associates},
   title = {Software Engineering},
   year = 1990
}

@book{Jones86,
   author = {Capers Jones},
   publisher = {McGraw-Hill},
   title = {Programming Productivity},
   year = 1986
}

@article{Stevens89,
   author = {Scott M. Stevens},
   journal = {Communications of the ACM},
   month = jul,
   number = 7,
   pages = {832-843},
   title = {Intelligent Interactive Video Simulation of a code inspection},
   volume = 32,
   year = 1989,
  annote = {Using interactive video to teach code inspection process}
}

@article{Fowler86,
   author = {P. J. Fowler},
   journal = {AT\&T Technical Journal},
   number = 2,
   pages = {102-112},
   title = {In-process inspections of workproducts at AT\&T},
   volume = 65,
   year = 1986
}

@book{Yourdon79,
   author = {E. Yourdon},
   publisher = {Prentice-Hall},
   title = {Structured Walkthroughs},
   year = 1979
}

@book{Yourdon89,
   author = {Edward Yourdon},
   edition = 4,
   publisher = {Prentice-Hall},
   title = {Structured Walkthrough},
   year = 1989
}

@article{Graden86,
   author = {M. E. Graden and P. S. Hersley and T. C. Pingel},
   journal = {AT\&T Technical Journal},
   number = 3,
   pages = {32-40},
   title = {The effects of software inspections on a major telecommunications project},
   volume = 65,
   year = 1986
}

@article{Eckel86,
   author = {E. J. Eckel},
   journal = {AT\&T Technical Journal},
   number = 2,
   pages = {30-38},
   title = {Quality in AT\&T network systems},
   volume = 65,
   year = 1986
}
