/home/13/johnson/Csdl/techreports/91-03/91-03.bib