/home/13/johnson/Csdl/bib/Hypertext89.bib