
@Article{chen-abur,
  author = 	 {J.Chen and A. Abur},
  title = 	 {Placement of PMUs to enable bad data detection in state estimation},
  journal = 	 {IEEE Trans. on Power Systems},
  year = 	 2006,
  volume = 	 21,
  number = 	 4}

@InProceedings{dhillon3,
  author = 	 {S.  S. Dhillon and K. Chakrabarty},
  title = 	 {Sensor placement for effective coverage and surveillance in distributed sensor networks},
  booktitle = {Proceedings of the IEEE Wireless Communications and Networking Conference},
  pages = 	 {1609-1615},
  year = 	 2003}

@InProceedings{dhillon2,
  author = 	 {S.  S. Dhillon and K. Chakrabarty and S. S. Iyengar},
  title = 	 {Sensor placement for grid placement under imprecise detections},
  booktitle = {Fusion 2002},
  pages = 	 {1581-1587},
  year = 	 2002}


@Article{hu-kuh-yang-kavcic,
  author = 	 {Y. Hu and A. Kuh and T. Yang and A. Kavcic},
  title = 	 {A Belief Propagation Based Power Distribution System State Estimator},
  journal = 	 {IEEE Computational Intelligence Magazine},
  year = 	 2011,
  volume = 	 6,
  number = 	 3,
  pages = 	 {36-46},
  month = 	 {August}}

@InProceedings{hu-kuh-kavcic-nakafuji,
  author = 	 {Y. Hu and A. Kuh and A. Kavcic and D. Nakafuji},
  title = 	 {Real-time state estimation on micro-grids},
  booktitle = {2011 International Joint Conference on Neural Networks},
  pages = 	 {1378-1385},
  year = 	 2011,
  address = 	 {San Jose, CA},
  month = 	 {August}}
  
  @InProceedings{kowahl-kuh-10ijcnn,
  author = 	 {N. Kowahl and A. Kuh},
  title = 	 {Micro-scale Smart Grid Optimization'},
  booktitle =	 {Special session of the 2010 International Joint Conference on Neural Networks},
  year =	 {2010},
  address={Barcelona, Spain}
}

@Article{krause-singh-guestrin,
  author = 	 {A. Krause and A. Singh and C. Guestrin},
  title = 	 {Near-optimal sensor placements in Gaussian processes: theory, efficient algorithms, and empirical studies},
  journal = 	 {Journal of Machine Learning Research},
  year = 	 2008,
  volume = 	 9,
  pages = 	 {235-284}}
  
  @InProceedings{kuhetal-10icgc,
  author = 	 {A. Kuh and C. Manloloyo and R. Corpuz and N. Kowahl},
  title = 	 {Wind Prediction using Complex Augmented Adaptive Filters},
  booktitle =	 {Special session of the 2010 International  Conference on Green Circuits and Systems},
  year =	 {2010},
  address={Shanghai, China}
}

@InProceedings{kuh-kavcic-uddin-tanaka,
  author = 	 {A. Kuh and A. Kavcic and M. Uddin and T. Tanaka},
  title = 	 {Bounds and Approximation Algorithms to the Sensor Placement Problem},
  booktitle = {Submitted to 2012 International Joint Conference on Neural Networks},
  year = 	 2012,
  address = 	 {Brisbane, Australia},
  month = 	 {June}}


@InProceedings{li-negi-ilic,
  author = 	 {Q. Li and R. Negi and M. Ilic},
  title = 	 {Phasor measurement units placement for power system state estimation: a greedy approach},
  booktitle = {Proceedings of IEEE Power and Energy Society General Meeting},
  pages = 	 {1-8},
  year = 	 2011,
  address = 	 {Detroit, MI},
  month = 	 {July}}

@Article{nwf,
  author = 	 {G. Nemhauser and L. Wolsey and M. Fisher},
  title = 	 {An analysis of the approximations for maximizing submodular set functions},
  journal = 	 {Mathematical Programming},
  year = 	 1978,
  volume = 	 14,
  pages = 	 {265-294}}



@InProceedings{xu-abur,
  author = 	 {B. Xu and A. Abur},
  title = 	 {Observability analysis and measurement placement for system with PMUs},
  booktitle = {Proceedings of the IEEE Power Engineering Society Conference on Power Systems},
  year = 	 2004,
  address = 	 {New York, NY},
  month = 	 {October}}



