%% Smart Homes bibliography

%
@InBook{Abras07,
  author =	 {Shadi Abras and Stephane Ploix and Sylvie Pesty and Mireille Jacomino},
  title = 	 {A Multi-Agent Design for a Home Automation System dedicated to power management },
  chapter = 	 {Artificial Intelligence and Innovations 2007: From Theory to Applications},
  publisher = 	 {Springer Boston},
  year = 	 {2007}
}

%
@Article{Ruser05,
  author = 	 {H. Ruser and L. Borodulkin and D. Leisner},
  title = 	 {Multi-model smart home user interface},
  journal = 	 {Transactions on Systems, Signals, and Devices},
  year = 	 {2005},
  volume =	 {1},
  number =	 {3}
}

%
@inproceedings{Truong05,
 author = {Truong, Binh An and Lee, Young-Koo and Lee, Sung-Young},
 title = {Modeling Uncertainty in Context-Aware Computing},
 booktitle = {ICIS '05: Proceedings of the Fourth Annual ACIS International Conference on Computer and Information Science},
 year = {2005},
 isbn = {0-7695-2296-3},
 pages = {676--681},
 doi = {http://dx.doi.org/10.1109/ICIS.2005.89},
 publisher = {IEEE Computer Society},
 address = {Washington, DC, USA},
 }


%
@InProceedings{Cook03,
  author = 	 {D. J. Cook and M. Youngblood and E. Heierman and K. Gopalratnam and S. Rao and A. Litvin and F. Khawaja},
  title = 	 {MavHome: An Agent-Based Smart Home},
  booktitle =	 {Proceedings of the {IEEE} International Conference on Pervasive Computing and Communications},
  year =	 {2003}
}

%
@Book{Cook04,
  editor =	 {D. Cook and S. Das},
  title = 	 {Smart Environments: Technologies, Protocols and Applications},
  publisher = 	 {John Wiley and Sons},
  year = 	 {2004}
}


%
@Article{Cook07,
  author = 	 {D. Cook and S. Das},
  title = 	 {How smart are our environments? An updated look at the state of the art},
  journal = 	 {Pervasive and mobile computing},
  year = 	 {2007},
  volume =	 {3},
}

%
@InProceedings{Davidoff06,
  author = 	 {S. Davidoff and M. Lee and C. Yiu and J. Zimmerman and A. Dey},
  title = 	 {Principles of smart home control},
  booktitle =	 {Proceedings of Ubicomp},
  year =	 {2006}
}

%
@InProceedings{Edwards07,
  author = 	 {W. Keith Edwards and Rebecca E. Grinter},
  title = 	 {At Home with Ubiquitous Computing: Seven Challenges},
  booktitle =	 {Proceedings of Ubicomp},
  year =	 {2007}
}


%
@InProceedings{Ha06,
  author = 	 {Duy Long Ha and Stephane Ploix Eric Zamai and Mireille Jacomino},
  title = 	 {A home automation system to improve household energy control},
  booktitle =	 {12th IFAC Symposium on Information Control Problems in Manufacturing},
  year =	 {2006}
}


%
@InBook{Conte07,
  author =	 {G. Conte and D. Scaradozzi},
  title = 	 {Modeling and Control of Complex Systems},
  chapter = 	 {Applying {MAS} theory to complex home automation systems},
  publisher = 	 {CRC Press},
  year = 	 {2007}
}


%
@Article{Park03,
  author = 	 {S. Park and S. Won and J. Lee and S. Kim},
  title = 	 {Smart home - digitally engineered domestic life},
  journal = 	 {Personal Ubiquitous Computing},
  year = 	 {2003},
  volume =        {7}
}





%
@InProceedings{Tapia04,
  author = 	 {Emmanuel Munguia Tapia and Stephen S. Intille and Kent Larson},
  title = 	 {Activity Recognition in the Home Using Simple and Ubiquitous Sensors},
  booktitle =	 {Proceedings of Pervasive},
  year =         {2004}
}

@InProceedings{Argyroudis04,
  author = 	 {P.G. Argyroudis and D. O'Mahony},
  title = 	 {Securing communications in the smart home},
  booktitle =	 {Proceedings of 2004 International Conference on Embedded and Ubiquitous Computing},
  year =	 {2004}
}



@InBook{Nixon04,
  author =	 {P. Nixon and W. Wagealla and C. English and S. Terzis},
  title = 	 {Smart Environments: Technology, Protocols, and Applications},
  chapter = 	 {Security, privacy and trust issues in smart environments},
  publisher = 	 {Wiley},
  year = 	 {2004}
}

