%%%%%%%%%%%%%%%%%%%%%%%%%%% -*- Mode: Bibtex -*- %%%%%%%%%%%%%%%%%%%%%%%%%%%%
%% bibliography.bbl --   Bibliography file for SEP proposal.
%% Author          : Philip Johnson
%% Created On      : Mon Nov 20 08:02:04 1995
%% Last Modified By: Philip Johnson
%% Last Modified On: Thu Jan 12 12:01:07 2012
%%%%%%%%%%%%%%%%%%%%%%%%%%%%%%%%%%%%%%%%%%%%%%%%%%%%%%%%%%%%%%%%%%%%%%%%%%%%%%%


@inProceedings{csdl2-10-05,
  author = 	 {Robert S. Brewer and Philip M. Johnson},
  title = 	 {{WattDepot}: An open source software ecosystem for enterprise-scale energy data collection, storage, analysis, and visualization},
  booktitle = {Proceedings of the First International Conference on Smart Grid Communications},
  address = {Gaithersburg, MD},
  year = 	 {2010},
  keywords =   {Sustainability, WattDepot, SmartGrid, Publications-Conferences},
  month = 	 {October}
}

@inProceedings{csdl2-10-07,
  author = 	 {Robert S. Brewer and George E. Lee and Philip M. Johnson},
  title = 	 {The {Kukui Cup}: a Dorm Energy Competition Focused on Sustainable Behavior Change and Energy Literacy},
  booktitle = {Proceedings of the 44th Hawaii International Conference on System Sciences},
  year = 	 {2011},
  keywords =   {Sustainability, WattDepot, KukuiCup, Makahiki, Publications-Conferences, Gamification},
  month = 	 {January}
}

@inProceedings{csdl2-11-02,
  author = 	 {Robert S. Brewer and George E. Lee and Yongwen Xu and Caterina Desiato and Michelle Katchuck and Philip M. Johnson},
  title = 	 {{Lights Off. Game On.} {The Kukui Cup}: A Dorm Energy Competition},
  booktitle = {Proceedings of the CHI 2011 Workshop on Gamification},
  year = 	 {2011},
  keywords =   {Sustainability, KukuiCup, Publications-Workshops, Gamification},
  month = 	 {May},
  address = {Vancouver, Canada}
}


@inProceedings{csdl2-11-03,
  author = 	 {Robert S. Brewer},
  title = 	 {The {Kukui Cup}: Shaping everyday energy use via a dorm energy competition},
  booktitle = {Proceedings of the CHI 2011 Workshop on Everyday Practice and Sustainable HCI},
  year = 	 {2011},
  keywords =   {Sustainability, KukuiCup, Publications-Workshops},
  month = 	 {May},
  address = {Vancouver, Canada}
}

@inProceedings{csdl2-11-07,
  author = 	 {George E. Lee and Yongwen Xu and Robert S. Brewer and Philip M. Johnson},
  title = 	 {Makahiki: An Open Source Game Engine for Energy Education and Conservation},
  booktitle = {Submitted to Foundations of Digital Games 2012},
  year = 	 {2012},
  keywords =   {Makahiki, Sustainability, KukuiCup, Publications-Conferences, Gamification},
  month = 	 {May},
  address = {Raleigh, North Carolina}
}


