@article{ sullivan91software,
    author = "M. Sullivan and R. Chillarege",
    title = "Software defects and their impact on system availability - a study of field failures in operating systems",
    journal = "21st Int. Symp. on Fault-Tolerant Computing (FTCS-21)",
    publisher = "IEEE Computer Society Press",
    address = "Montreal, Que., Canada",
    pages = "2--9",
    year = "1991",
    url = "citeseer.ist.psu.edu/sullivan91software.html" 
}

@article{ porter98understanding,
    author = "Adam Porter and Harvey Siy and Audris Mockus and Lawrence Votta",
    title = "Understanding the sources of variation in software inspections",
    journal = "ACM Transactions on Software Engineering and Methodology",
    volume = "7",
    number = "1",
    pages = "41--79",
    year = "1998"
}

@article{ laitenberger00experimental,
    author = "Oliver Laitenberger and Colin Atkinson and Maud Schlich and Khaled El Emam",
    title = "An experimental comparison of reading techniques for defect detection in {UML} design documents",
    journal = "The Journal of Systems and Software",
    volume = "53",
    number = "2",
    pages = "183--204",
    year = "2000",
    url = "citeseer.ist.psu.edu/laitenberger99experimental.html" }

@article{ porter96review,
    author = "Adam A. Porter and Harvey P. Siy and Lawrence G. Votta",
    title = "A Review of Software Inspections",
    journal = "Advances in Computers",
    volume = "42",
    pages = "39-76",
    year = "1996"
}

@misc{ development-bug,
  author = "In Oss Development",
  title = "Bug Report Networks: Varieties, Strategies, and Impacts",
  url = "citeseer.ist.psu.edu/636223.html" }

@misc{ hvannberg-classification,
  author = "Ebba Thora Hvannberg",
  title = "Classification of Usability Problems (CUP) Scheme",
  url = "citeseer.ist.psu.edu/654197.html" }

@misc{ fredericks-using,
  author = "Michael Fredericks",
  title = "Using Defect Tracking and Analysis to Improve Software Quality",
  url = "citeseer.ist.psu.edu/article/fredericks99using.html" }

@misc{ emam98repeatability,
  author = "E. Emam and K. Isabella",
  title = "The Repeatability of Code Defect Classifications",
  text = "El Emam, Khaled, and Isabella Wieczorek (1998), The Repeatability of Code
    Defect Classifications. Technical Report. International Software Engineering
    Research Network, ISERN-98-09.",
  year = "1998",
  url = "citeseer.ist.psu.edu/elemam98repeatability.html" }