
@Article{Wing06,
  author = 	 {Jeannette Wing},
  title = 	 {Computational Thinking},
  journal = 	 {Communications of the {ACM}},
  volume =       49,
  number =       3,
  month =        {March},
  year = 	 2006
}


