
@TechReport{MicrosoftSERA2009,
  author = 	 {Utilities Microsoft},
  title = 	 {Smart Energy Reference Architecture},
  institution =  {Microsoft, Inc.},
  year = 	 {2009},
  url ={http://www.microsoft.com/downloads/details.aspx?FamilyID=4344074e-b958-44a1-bff0-74d04444052e},
  month={October}
}

