@inproceedings{Williams:00,
   author = {Laurie Williams and Bob Kessler},
   title = {The Effects of "Pair-Pressure" and "Pair-Learning" on Software Engineering Education},
   booktitle = {CSEET '00: Proceedings of the Thirteenth Conference on Software Engineering Education \& Training},
   year = {2000},
   isbn = {0-7695-0421-3},
   pages = {59},
   publisher = {IEEE Computer Society},
   address = {Washington, DC, USA},
 }

@InProceedings{Heierman04,
  author = 	 {E. Heierman and G. Youngblood and D. Cook},
  title = 	 {Mining Temporal Sequences to discover interesting patterns},
  booktitle =	 {Proceedings of the 2004 International Conference on Knowledge Discovery and Data Mining},
  year =	 {2004},
  address =	 {Seattle, Washington}
}

@inproceedings{Kieburtz96,
 author = {Richard B. Kieburtz and Laura McKinney and Jeffrey M. Bell and James Hook and Alex Kotov and Jeffrey Lewis and Dino P. Oliva and Tim Sheard and Ira Smith and Lisa Walton},
 title = {A software engineering experiment in software component generation},
 booktitle = {ICSE '96: Proceedings of the 18th international conference on Software engineering},
 year = {1996},
 isbn = {0-8186-7246-3},
 pages = {542--552},
 location = {Berlin, Germany},
 publisher = {IEEE Computer Society},
 address = {Washington, DC, USA},
}

@Misc{Benestad,
  author={Hans Christian Benestad and Erik Arisholm and Dag Sj{\o}berg},
  key="Empirical, Software Engineering, Subject",
  title="How to Recruit Professionals as Subjects in Software Engineering Experiments",
  howpublished="\url{<http://www.simula.no/departments/engineering/.artifacts/recruitIRIS>}"
}




@Proceedings{ispw6,
  title = 	 {Proceedings of the 6th International Software Process Workshop},
  year = 	 {1990},
  address = 	 {Hokkaido, Japan},
  month = 	 {October}
}

@inproceedings{Wohlin03,
  author    = {Claes Wohlin and
               Martin H{\"o}st and
               Kennet Henningsson},
  title     = {Empirical Research Methods in Software Engineering.},
  booktitle = {ESERNET},
  year      = {2003},
  pages     = {7-23},
  ee        = {http://springerlink.metapress.com/openurl.asp?genre=article{\&}issn=0302-9743{\&}volume=2765{\&}spage=7},
  crossref  = {DBLP:conf/esernet/2003},
  bibsource = {DBLP, http://dblp.uni-trier.de}
}

@inproceedings{Carver03,
  author    = {Jeffrey Carver and
               Maria Letizia Jaccheri and
               Sandro Morasca and
               Forrest Shull},
  title     = {Using Empirical Studies during Software Courses.},
  booktitle = {ESERNET},
  year      = {2003},
  pages     = {81-103},
  ee        = {http://springerlink.metapress.com/openurl.asp?genre=article{\&}issn=0302-9743{\&}volume=2765{\&}spage=81},
  crossref  = {DBLP:conf/esernet/2003},
  bibsource = {DBLP, http://dblp.uni-trier.de}
}




@misc{DictRomanNumeral,
  key = "Roman, Numeral",
  title = "Roman numeral",
  howpublished = "\url{http://www.yourdictionary.com/crossword/romanums.html}"
}

@misc{RomanNumeralSize,
  key = "Roman, Numeral, Sizes",
  title = "Roman numerals at sizes.com",
  howpublished = "\url{http://www.sizes.com/numbers/roman_numerals.htm}"
}


@Book{Yin:03,
  author =       "Robert K. Yin", 
  title =        "Case Study Research: Design and Methods",
  publisher =    "Sage Publications", 
  year =         "2003", 
  address =      "Thousand Oaks, California", 
  OPTseries =    "Applied Social Research Methods Series", 
  OPTisbn =      "0-7619-2558-8" 
}

@InProceedings{ispw6,
  author = 	 {M.I. Kellner and P.H. Feiler and A.Finkelstein and T. Katayama   and L.J. Osterweil and M.H. Penedo and  H.D. Rombach},
  title = 	 {ISPW-6 Software Process Example},
  booktitle =	 {Proceedings of First International Conference on the Software Process},
  year =	 {1991},
  address =	 {Pittsburgh, PA}
}
