@article{parnas:role,
  author = {David L. Parnas and Mark Lawford},
  title = {The Role of Inspection in Software Quality Assurance},
  journal = {IEEE Trans. Softw. Eng.},
  volume = {29},
  number = {8},
  year = {2003},
  issn = {0098-5589},
  pages = {674--676},
  doi = {http://dx.doi.org/10.1109/TSE.2003.1223642},
  publisher = {IEEE Press},
  address = {Piscataway, NJ, USA},
}

@article{wiegers:seven,
  author = {Karl Wiegers},
  title = {The seven deadly sins of software reviews},
  journal = {Softw. Dev.},
  volume = {6},
  number = {3},
  year = {1998},
  issn = {1070-8588},
  pages = {44--47},
  publisher = {Miller Freeman, Inc.},
  address = {San Francisco, CA, USA},
}

@article{barnard:managing,
  author = {Jack Barnard and Art Price},
  title = {Managing Code Inspection Information},
  journal = {IEEE Softw.},
  volume = {11},
  number = {2},
  year = {1994},
  issn = {0740-7459},
  pages = {59--69},
  doi = {http://dx.doi.org/10.1109/52.268958},
  publisher = {IEEE Computer Society Press},
  address = {Los Alamitos, CA, USA},
}
 
@article{anderson:tool,
  author = {Paul Anderson and Thomas Reps and Tim Teitelbaum and Mark Zarins},
  title = {Tool Support for Fine-Grained Software Inspection},
  journal = {IEEE Softw.},
  volume = {20},
  number = {4},
  year = {2003},
  issn = {0740-7459},
  pages = {42--50},
  doi = {http://dx.doi.org/10.1109/MS.2003.1207453},
  publisher = {IEEE Computer Society Press},
  address = {Los Alamitos, CA, USA},
}

@article{macdonald:comparison,
  author = {F. MacDonald and J. Miller},
  title = {A Comparison of Tool-Based and Paper-Based Software Inspection},
  journal = {Empirical Softw. Engg.},
  volume = {3},
  number = {3},
  year = {1998},
  issn = {1382-3256},
  pages = {233--253},
  doi = {http://dx.doi.org/10.1023/A:1009747104814},
  publisher = {Kluwer Academic Publishers},
  address = {Hingham, MA, USA},
}

@article{jason:source,
  author = {Jason Remillard},
  title = {Source Code Review Systems},
  journal = {IEEE Softw.},
  volume = {22},
  number = {1},
  year = {2005},
  issn = {0740-7459},
  pages = {74--77},
  doi = {http://dx.doi.org/10.1109/MS.2005.20},
  publisher = {IEEE Computer Society Press},
  address = {Los Alamitos, CA, USA},
}

@article{johnson:improving,
  author = {Philip M. Johnson and Hongbing Kou and Michael Paulding and Qin Zhang and Aaron Kagawa and Takuya Yamashita},
  title = {Improving Software Development Management through Software Project Telemetry},
  journal = {IEEE Softw.},
  volume = {22},
  number = {4},
  year = {2005},
  issn = {0740-7459},
  pages = {76--85},
  doi = {http://dx.doi.org/10.1109/MS.2005.95},
  publisher = {IEEE Computer Society Press},
  address = {Los Alamitos, CA, USA},
}

@article{o'neil:inspections,
  author = {Don O'Neill},
  title = {Software Inspections Course and Lab},
  year = {1989},
  publisher = {Software Engineering Institute, Carnegie Mellon University},
  address = {Pittsburgh, PA, USA},
}

@inproceedings{filippo:tool,
  author = {Filippo Lanubile and Teresa Mallardo},
  title = {Tool Support for Distributed Inspection},
  booktitle = {COMPSAC '02: Proceedings of the 26th International Computer Software and Applications Conference on Prolonging Software Life: Development and Redevelopment},
  year = {2002},
  isbn = {0-7695-1727-7},
  pages = {1071--1076},
  publisher = {IEEE Computer Society},
  address = {Washington, DC, USA},
}

@inproceedings{rutar:comparison,
  author = {Nick Rutar and Christian B. Almazan and Jeffrey S. Foster},
  title = {A Comparison of Bug Finding Tools for Java},
  booktitle = {ISSRE '04: Proceedings of the 15th International Symposium on Software Reliability Engineering (ISSRE'04)},
  year = {2004},
  isbn = {0-7695-2215-7},
  pages = {245--256},
  doi = {http://dx.doi.org/10.1109/ISSRE.2004.1},
  publisher = {IEEE Computer Society},
  address = {Washington, DC, USA},
}

@inproceedings{johnson:instrumented,
  author = {Philip M. Johnson},
  title = {An instrumented approach to improving software quality through formal technical review},
  booktitle = {ICSE '94: Proceedings of the 16th international conference on Software engineering},
  year = {1994},
  isbn = {0-8186-5855-X},
  pages = {113--122},
  location = {Sorrento, Italy},
  publisher = {IEEE Computer Society Press},
  address = {Los Alamitos, CA, USA},
}

@book{pfleeger:software,
	author = "Shari Lawrence Pfleeger",
	title = "Software Engineering: theory and practice",
	publisher = "Prentice Hall",
	year = "2001",
	edition = "2nd",
}

@book{gilb:software,
	author = "Tom Gilb and Dorothy Graham",
	title = "Software Inspection",
	publisher = "Addison-Wesley Professional",
	year = "1993",
	edition ="1st",
}

@book{freud:statistics,
	author = "John E. Freund and Benjamin M. Perles",
	title = "Statistics: A First Course",
	year = "1995",
	publisher = "Prentice Hall",
	edition ="6th",
}

@book{mirer:economic,
	author = "Thad W. Mirer",
	title = "Economic Statistics and Econometrics",
	year = "1995",
	publisher = "Prentice Hall",
	edition ="3rd",
}

@manual{yamashita:jupiter,
  author = "Takuya Yamashita",
  title =	 "Jupiter Version2 User's Guide",
  year = "2004",
  howpublished = "\url{http://csdl.ics.hawaii.edu/Tools/Jupiter/Core/doc/UsersGuide.html}",
}

@misc{filippo:preliminary,
  author = {Filippo Lanubile and Teresa Mallardo},
  title = {Preliminary Evaluation of Tool-based Support for Distributed Inspection},
  howpublished = "\url{http://csdl.ics.hawaii.edu/Tools/Jupiter/Core/doc/UsersGuide.html}",
}

@misc{o'neil:software,
  author = {Don O'Neill},
  title = {Software Technology Reference Guide - Software Inspections},
  howpublished = "\url{http://www.sei.cmu.edu/str/descriptions/inspections_body.html}",
}

@misc{wikipedia,
  author = {},
  title = {Code Review},
  howpublished = "\url{http://en.wikipedia.org/wiki/Code_review}",
}

@phdthesis{moore:investigating,
	author = {Carleton A. Moore},
	title  ={Investigating Individual Software Development: An Evaluation of the Leap Toolkit},
	year = {2000},
	school = {University of Hawaii, Department of Information and Computer Sciences},
}