

@article{Abbott83,
  Author =	 { Andrew Abbott },
  Title =	 {Sequences of Social Events: Concepts and Methods for the
                  Analysis of Order in Social Processes},
  Journal =	 {Historical Methods},
  Volume =	 {16},
  Number =	 {4},
  Pages =	 {129-147},
  Year =	 {1983}
}

.
@article{Abbott90a,
  Author =	 {Andrew Abbott },
  Title =	 {A primer on sequence methods},
  Journal =	 {Organization Science},
  Volume =	 {1},
  Number =	 {4},
  Pages =	 {375-392},
  Year =	 {1990}
}

@article{ Abbott90b,
  Author =	 { Andrew Abbott and Alexandra Hrycak },
  Title =	 {Measuring Resemblance in Sequence Data: An Optimal
                  Matching Analysis of Musicians' Careers},
  Journal =	 {American Journal of Sociology},
  Volume =	 {96},
  Number =	 {1},
  Pages =	 {144-185},
  Year =	 {1990}
}

@article{Abbott91,
  Author =	 { Andrew Abbott },
  Title =	 {From Causes to Events: Notes on Narrative Positivism},
  Journal =	 {Sociological Methods and Research},
  Volume =	 {20},
  Number =	 {4},
  Pages =	 {428-455},
  Year =	 {1992}
}

@Article{ Abbott95,
  author =	 { Andrew Abbott },
  title =	 { Sequence Analysis: New Methods for Old Ideas },
  journal =	 { Annual Review of Sociology },
  year =	 { 1995 },
  volume =	 { 21}
}

@book{ Abell87,
  Author =	 { Peter Abell },
  Title =	 {The syntax of social life : the theory and method of
                  comparative narratives},
  Publisher =	 {Clarendon Press},
  Address =	 {New York},
  Year =	 {1987}
}

@book{ Bal85,
  Author =	 { Mieke Bal},
  Title =	 {Narratology: Introduction to the theory of narrative},
  Publisher =	 {University of Toronto Press},
  Address =	 {Toronto},
  Year =	 {1985}
}

@article{Barley86,
  Author =	 { S. R. Barley },
  Title =	 {Technology as an Occasion for Structuring: Evidence from
                  the Observation of CT Scanners and the Social Order of
                  Radiology Departments},
  Journal =	 {Administrative Science Quarterly},
  Volume =	 {31},
  Pages =	 {78-108},
  Year =	 {1986}
}

@article{Barley90,
  Author =	 {Stephen R. Barley},
  Title =	 {The alignment of technology and structure through roles
                  and networks},
  Journal =	 {Administrative Science Quarterly},
  Year =	 {1990}
}

@incollection{ Barthes77,
  Author =	 { Roland Barthes },
  Title =	 {Introduction to the Structural Analysis of Narratives},
  BookTitle =	 {Image-Music-Text},
  Editor =	 {Heath, Stephen},
  Publisher =	 {Fontana},
  Address =	 {New York},
  Pages =	 {79},
  Year =	 {1977}
}

@book{Becker77,
  Author =	 { Howard S. Becker, and Blanche Geer and Everett C. Hughes
                  and Anselm L. Strauss },
  Title =	 {Boys in White: Student Culture in Medical School},
  Publisher =	 {Transaction Books},
  Address =	 {New Brunswick},
  Year =	 {1977}
}

@Article{ Bougon77 ,
  author =	 { Michel Bougon and Karl E. Weick and Din Binkhorst },
  title =	 { Cognition in organizations: An analysis of the Utrecht
                  Jazz Orchestra },
  journal =	 { Administrative Science Quarterly },
  year =	 { 1977 },
  volume =	 { 22},
  number =	 { 4}
}

@book{ Bourdieu77,
  Author =	 { Pierre Bourdieu },
  Title =	 {Outline of a Theory of Practice},
  Publisher =	 {Cambridge University Press},
  Address =	 {New York},
  Year =	 {1977}
}

@book{Brown83,
  Author =	 { Gillian Brown and George Yule },
  Title =	 {Discourse Analysis},
  Publisher =	 {Cambridge University Press},
  Address =	 {New York},
  Year =	 {1983}
}

@book{ Bruner90,
  Author =	 { Jerome S. Bruner },
  Title =	 {Acts of Meaning},
  Publisher =	 {Harvard University Press},
  Address =	 {Cambridge},
  Year =	 {1990}
}

@book{ Burke69,
  Author =	 { Kenneth Burke },
  Title =	 {A Grammar of Motives},
  Publisher =	 {University of California Press},
  Address =	 {Berkeley, CA},
  Year =	 {1969}
}

@InBook{ Carley97,
  author =	 { Kathleen M. Carley},
  editor =	 { C. Roberts },
  title =	 { Texts Analysis for the Social Sciences: Methods for
                  Drawing Statistical Inferences from Texts and Transcripts
                  },
  chapter =	 { Network Text Analysis: The Network Position of Concepts
                  },
  publisher =	 { Lawrence Erlbaum Associates },
  year =	 { 1977}
}

@InProceedings{Carolan04,
  author =	 {Thomas Carolan and Peter Bilazarian },
  title =	 {Automated Data Collection and Assessment for Debriefing
                  Distributed Simulation-Based Exercises (DDSBE)},
  booktitle =	 { 48th Annual Meeting of the Human Factors and Ergonomics
                  Society },
  year =	 {2004}
}

@incollection{ Corsaro90,
  Author =	 { William A. Corsaro and David R. Heise },
  Title =	 {Event Structure Models From Ethnographic Data},
  BookTitle =	 {Sociological Methodology: 1990},
  Editor =	 {Clifford C. Clogg},
  Publisher =	 {Basil Blackwell},
  Address =	 {Oxford},
  Volume =	 {20},
  Pages =	 {1-57},
  Year =	 {1990}
}

@book{ Czarniawska97,
  Author =	 {Czarniawska, Barbara},
  Title =	 {Narrating the Organization: Dramas of Institutional
                  Identity},
  Publisher =	 {University of Chicago Press},
  Address =	 {Chicago},
  Year =	 {1997}
}

@book{Denzin94,
  Editor =	 { Norman K. Denzin and Yvonna S. Lincoln },
  Title =	 {Handbook of Qualitative Research},
  Publisher =	 {Sage},
  Address =	 {Newbury Park, CA},
  Year =	 {1994}
}

@Article{ Feldman03,
  author =	 { M. S. Feldman and B. T. Pentland },
  title =	 { Reconceptualizing Organizational Routines as a Source of
                  Flexibility and Change },
  journal =	 { Administrative Science Quarterly },
  year =	 { 2003 },
  volume =	 { 48 },
  number =	 { 1}
}

@Article{ Feldman04,
  author =	 { Martha S. Feldman and Kaj Skoldberg and Ruth Nicole
                  Brown and Debra Horner },
  title =	 { Making Sense of Stories: A Rhetorical Approach to
                  Narrative Analysis },
  journal =	 { Journal of Public Administration Research and Theory },
  year =	 { 2004},
  volume =	 { 14},
  number =	 { 2}
}

@book{ Garfinkel67,
  Author =	 {Harold Garfinkel },
  Title =	 {Studies in Ethnomethodology},
  Publisher =	 {Prentice-Hall},
  Address =	 {Englewood Cliffs, NJ},
  Year =	 {1967}
}

@Article{ Gee86,
  author =	 { J. P. Gee},
  title =	 { Units in the Production of Narrative Discourse},
  journal =	 { Discourse Processes},
  year =	 { 1986 },
  volume =	 { 9 }
}

@article{ Gioia84,
  Author =	 { Dennis Gioia and Peter P. Poole },
  Title =	 {Scripts in Organizational Behavior},
  Journal =	 {Academy of Management Review},
  Volume =	 {9},
  Pages =	 {449-459},
  Year =	 {1984}
}

@Article{ Griffin93,
  author =	 { Larry J. Griffin },
  title =	 { Narrative, event-structure analysis, and causal
                  interpretation in historical sociology },
  journal =	 { American Journal of Sociology },
  year =	 { 1993},
  volume =	 { 98}
}

@Article{ Griffin94,
  author =	 { Larry J. Griffin and Charles C. Ragin },
  title =	 { Some observations on formal methods of qualitative
                  analysis },
  journal =	 { Sociological Methods and Research },
  year =	 { 1994},
  volume =	 { 23}
}

@book{ Headland90,
  Editor =	 { Thomas N. Headland and Kenneth L. Pike and Marvin Harris
                  },
  Title =	 {Emics and etics: The insider/outsider debate},
  Publisher =	 {Sage},
  Address =	 {Newbury Park, CA},
  Year =	 {1990}
}

@article{ Heise89,
  Author =	 { David R. Heise },
  Title =	 {Modeling Event Structures},
  Journal =	 {Journal of Mathematical Sociology},
  Volume =	 {14},
  Pages =	 {139-69},
  Year =	 {1989}
}

@article{ Hewes79,
  Author =	 { Dean E. Hewes, },
  Title =	 {The Sequential Analysis of Social Interaction},
  Journal =	 {The Quarterly Journal of Speech},
  Volume =	 {65},
  Pages =	 {56-73},
  Year =	 {1979}
}

@InBook{ Huberman94,
  author =	 { Michael Huberman and Matthew B. Miles },
  editor =	 { Denzin and Lincoln },
  title =	 { Handbook of Qualitative Research },
  chapter =	 { Data Management and Analysis Methods },
  publisher =	 { Sage},
  year =	 { 1994}
}

@article{Hunton04,
  Author =	 {James E. Hunton and Arnold M. Wright and Sally Wright },
  Title =	 {Continuous reporting and continuous assurance:
                  Opportunities for behavioral accounting research },
  Journal =	 { Journal of emerging technologies in accounting },
  Volume =	 {1},
  Number =	 {1},
  Pages =	 {91-102},
  Year =	 {2004}
}

@InProceedings{Johnston04,
  author =	 {Joan H. Johnston and Paul H. Radtke and Lori Van Duyne
                  and Milton L Stretton and Jared Freeman and Peter
                  Bilazarian },
  title =	 {Team Training in Distributed Simulation-Based Exercises },
  booktitle =	 {48th Annual Meeting of the Human Factors and Ergonomics
                  Society },
  year =	 {2004}
}

@Article{ Lawrence97 ,
  author =	 { Barbara Lawrence },
  title =	 { The Black Box of Organizational Demography },
  journal =	 { Organizational Science },
  year =	 { 1997},
  volume =	 { 8},
}

@book{ Miles84,
  Author =	 { Matthew B. Miles and A. Michael Huberman },
  Title =	 {Qualitative Data Analysis: A Sourcebook of New Methods},
  Publisher =	 {Sage},
  Address =	 {Beverly Hills},
  Year =	 {1984}
}

@Book{ Mishler86,
  author =	 { E. G. Mishler },
  title =	 { Research Interviewing: Context and Narrative },
  Publisher =	 { Harvard University Press },
  Address =	 { Cambridge, MA },
  year =	 { 1986}
}

@Article{Nelson91 ,
  author =	 { Reed E. Nelson and Mathews, K. Michael },
  title =	 { Cause maps and social network analysis in organizational
                  diagnosis },
  journal =	 { Journal of Applied Behavioral Science },
  year =	 {1991 },
  volume =	 {27 },
  number =	 {3 }
}

@article{Olson94,
  Author =	 { Gary M. Olson, and James D. Herbsleb, and Henry
                  H. Rueter, },
  Title =	 {Characterizing the Sequential Structure of Interactive
                  Behaviors through Statistical and Grammatical Techniques},
  Journal =	 {Human Computer Interaction},
  Volume =	 {9},
  Pages =	 {427-472},
  Year =	 {1994}
}

@Article{Pentland03a ,
  author =	 {B. T. Pentland},
  title =	 { Sequential variety in work processes },
  journal =	 { Organization Science },
  year =	 {2003 },
  volume =	 { 14},
  number =	 {5}
}

@Article{ Pentland03b,
  author =	 {B. T. Pentland },
  title =	 { Conceptualizing and Measuring Variety in Organizational
                  Work Processes },
  journal =	 { Management Science },
  year =	 {2003 },
  volume =	 {49 },
  number =	 {7 }
}

@Article{ Pentland99a,
  author =	 { B. T. Pentland },
  title =	 { Building process theory with narrative: From description
                  to explanation },
  journal =	 { Academy of Management Review },
  year =	 {1999 },
  volume =	 { 24},
  number =	 { 4}
}

@InBook{Pentland99b,
  author =	 {Brian T. Pentland},
  title =	 {Variations in Organization Science: Essays in Honor of
                  Donald T. Campbell},
  chapter =	 {Organizations As Networks Of Action},
  publisher =	 {Thousand Oaks, CA: Sage},
  year =	 {1999}
}

@book{ Propp28,
  Author =	 { Vladimir Propp },
  Title =	 {Morphology of the Russian Folktale},
  Publisher =	 {University of Texas},
  Address =	 {Austin, TX},
  Year =	 {1928/1977}
}

@Book{ Ragin87,
  author =	 { Charles C. Ragin },
  title =	 { The Comparative Method: Moving Beyond Qualitative and
                  Quantitative Strategies },
  Publisher =	 { University of California Press },
  Address =	 { Berkeley },
  year =	 { 1987}
}

@Book{ Ragin88,
  author =	 { Charles C. Ragin },
  title =	 { Between Complexity and Generality: The Logic of
                  Qualitative Comparison },
  Publisher =	 { University of California Press },
  Address =	 { Berkeley },
  year =	 { 1988}
}

@book{ Reissman93,
   Author = { Catherine K. Reissman, },
   Title = {Narrative Analysis},
   Publisher = {Sage},
   Address = {Newbury Park, CA},
 Year = {1993} }

@incollection{ Ricoeur81,
  Author =	 { Paul Ricoeur },
  Title =	 {The model of the text: Meaningful action considered as
                  text},
  BookTitle =	 {Hermeneutics and the human sciences: Essays on language,
                  action and interpretation},
  Editor =	 {John B. Thompson},
  Publisher =	 {Cambridge University Press},
  Address =	 {Cambridge},
  Pages =	 {197-221},
  Year =	 {1981}
}

@article{ Sabherwal93,
  Author =	 { Rajiv Sabherwal and Daniel Robey },
  Title =	 {An Empirical Taxonomy of Implementation Processes Based
                  on Sequences of Events in Information System Development},
  Journal =	 {Organization Science},
  Volume =	 {4},
  Number =	 {4},
  Pages =	 {548-576},
  Year =	 {1993}
}

@book{ Schank77,
  Author =	 { Roger C. Schank and Robert P. Abelson },
  Title =	 {Scripts, Plans, Goals and Understanding: an Inquiry into
                  Human Knowledge Structures},
  Publisher =	 {Lawrence Erlbaum},
  Address =	 {Hillsdale, NJ},
  Year =	 {1977}
}

@Book{ Sowa84,
  author =	 { John F. Sowa },
  title =	 {Conceptual Structures: Information Processing in Mind and
                  Machine },
  Publisher =	 {Addison-Wesley },
  Address =	 { Reading, MA },
  year =	 {1984 }
}

@book{ Spradley79,
  Author =	 { James P. Spradley},
  Title =	 {The Ethnographic Interview},
  Publisher =	 {Holt, Rinehart, Winston},
  Address =	 {New York},
  Year =	 {1979}
}

@Article{ Stevenson00,
  author =	 { William B. Stevenson and Danna N. Greenberg },
  title =	 { Agency and social networks: Strategies of action in a
                  social structure of position, opposition, and opportunity
                  },
  journal =	 { Administrative Science Quarterly },
  year =	 { 2000},
  volume =	 { 45}
}

@Article{ Stevenson03,
  author =	 {W. Stevenson and H. Zinzow and S. Sridharan },
  title =	 { Using event structure analysis to understand planned
                  social change },
  journal =	 { International Journal of Qualitative Methods },
  year =	 {2003 },
  volume =	 { 2},
  number =	 { 2}
}
@Article{ Stevenson98,
  author =	 { W. B. Stevenson and D. N. Greenberg  },
  title =	 { The formal analysis of narratives of organizational change },
  journal =	 { Journal of Management },
  year =	 { 1998},
  volume =	 { 24} 
}


@book{ Todorov81, 
   Author = { Tzvetan Todorov },
   Title = {Introduction to Poetics},
   Publisher = {University of Minnesota Press},
   Address = {Minneapolis},
 Year = {1981} }


@article{ VandeVen90, 
   Author = { Andrew H. Van de Ven and Marshall Scott Poole },
   Title = {Methods for Studying Innovation Development in the Minnesota Innovations Research Program},
   Journal = {Organization Science},
   Volume = {1},
   Number = {3},
   Pages = {313-335},
 Year = {1990} }


@article{Varsarhelyi04,
   Author = {Miklos A. Vasarhelyi and Michael G. Alles and Alexander Kogan },
   Title = {Principles of analytic monitoring for continuous assurance },
   Journal = { Journal of emerging technologies in accounting },
   Volume = {1},
   Number = {1},
   Pages = {1-21},
 Year = {2004} }


@book{White92,
   Author = { Harrison C. White },
   Title = {Identity and Control: A Structural Theory of Social Action},
   Publisher = {Princeton University Press},
   Address = {Princeton, NJ},
 Year = {1992} }


@book{Wietzman95,
   Author = { Eben A. Weitzman, and M. Miles},
   Title = {Computer Programs for Qualitative Data Analysis},
   Publisher = {Sage},
   Address = {Thousand Oaks, CA},
   Year = {1995} }


@book{ Yamaguchi91, 
   Author = {Yamaguchi, Kazuo},
   Title = {Event History Analysis},
   Publisher = {Sage Publications},
   Address = {Newbury Park},
   Volume = {28},
Year = {1991} }


@InBook{ Young96,
  author =	 { Iris Young },
  editor =	 { Seyla Benhabib },
  title =	 { Democracy and Difference },
  chapter =	 { Communication and the Other: Beyond Deliberative Democracy },
  publisher ={ Princeton University Press },
  year =	 { 1996}
}



