@Misc{OEDER,
	title = "{Office of Electricity Delivery \& Energy Reliability F.A.Q.} Web Site",
	howpublished = "\url{<http://energy.gov/oe/information-center/educational-resources/electricity-101>}"
}

@article{atputharajah,
  author={A Atputharajah and V K Ramachandaramurthy and J Pasupuleti},
  title={Power quality problems and solutions},
  journal={IOP Conference Series: Earth and Environmental Science},
  volume={16},
  number={1},
  pages={012153},
  url={http://stacks.iop.org/1755-1315/16/i=1/a=012153},
  year={2013}
}

@article{Laskar,
  author={S. H. Laskar , Mohibullah},
  title={Power Quality Issues and Need of Intelligent PQ Monitoring in
the Smart Grid Environment},
  journal={International Journal of Emerging Technology and Advanced Engineering},
  volume={2},
  number={9},
  year={2012}
}

@Misc{hawaii-mandate,
	title = "{Hawaii Renewable Electricity Mandate Status}",
	howpublished = "\url{<http://www.instituteforenergyresearch.org/renewable-mandates/hawaii-renewable-electricity-mandate-status/>}"
}

@Misc{pv-rates,
	title = "{Star Advertiser: PV installations up 39\% in 2013 across HECO's service area}",
	howpublished = "\url{<http://www.staradvertiser.com/news/breaking/20140122_PV_installations_up_39_in_2013_across_HECOs_service_area.html>}"
}

@Misc{pv-pushback,
	title = "{West Hawaii Today: Solar panel installations push electric utilities to the brink}",
	howpublished = "\url{<http://westhawaiitoday.com/news/local-news/solar-panel-installations-push-electric-utilities-brink>}"
}

@article{Farhoodnea,
	title = "Power quality impacts of high-penetration electric vehicle stations and renewable energy-based generators on power distribution systems",
	journal = "Measurement",
	volume = "46",
	number = "8",
	pages = "2423 - 2434",
	year = "2013",
	issn = "0263-2241",
	doi = "http://dx.doi.org/10.1016/j.measurement.2013.04.032",
	url = "\url{<http://www.sciencedirect.com/science/article/pii/S0263224113001437>}",
	author = "Masoud Farhoodnea and Azah Mohamed and Hussain Shareef and Hadi Zayandehroodi"
}

@article{response-time,
  title={A study on tolerable waiting time: how long are web users willing to wait?},
  author={Nah, Fiona Fui-Hoon},
  journal={Behaviour \& Information Technology},
  volume={23},
  number={3},
  pages={153--163},
  year={2004},
  publisher={Taylor \& Francis}
}
