@TechReport{Roseman95,
  author = 	 "Mark Roseman and Saul Greenberg",
  title = 	 "{Building Real Time Groupware with GroupKit, A Groupware Toolkit}",
  institution =  "Department of Computer Science, University of Calgary,
		  Calgary, Alberta, Canada",
  year = 	 "1995",
  number = 	 "95/560/12",
  month = 	 "April"
}

@Article{Berners-Lee94,
  author = 	 "Tim Berners-Lee and Robert Cailliau and Henrik Frystyk
		  Nielsen and Arthur Secret",
  title = 	 "The World-Wide Web",
  journal = 	 "Communications of the {ACM}",
  year = 	 "1994",
  volume = 	 "37",
  number = 	 "8",
  pages = 	 "76-82",
  month = 	 "August"
}


@Misc{Roseman95a,
  author = 	 "Mark Roseman",
  title = 	 "Personal communication",
  year = 	 "1995",
  month = 	 "October"
}


@Misc{LotusNotes,
  author= {Lotus Inc.},
  title = 	 "Lotus Notes"
}



@InProceedings{Andrews95,
  author = 	 "Keith Andrews and Frank Kappe and Hermann Maurer",
  title = 	 "Serving Information to the Web with {Hyper-G}",
  booktitle = "Proceedings of the Third International World-Wide Web
		  Conference (WWW'95)",
  year = 	 "1995",
  address = 	 "Darmstadt, Germany",
  month = 	 "April"
}


