/home/13/johnson/Csdl/bib/csdl-trs.bib