%%%%%%%%%%%%%%%%%%%%%%%%%%%%%% -*- Mode: Bibtex -*- %%%%%%%%%%%%%%%%%%%%%%%%%%%%
%% powerquality.bib
%% Author          : Philip Johnson
%% Created On      : Tue Mar 31 11:44:58 2009
%% Last Modified By: Philip Johnson
%% Last Modified On: Wed Dec 16 15:29:18 2009
%% RCS: $Id$
%%%%%%%%%%%%%%%%%%%%%%%%%%%%%%%%%%%%%%%%%%%%%%%%%%%%%%%%%%%%%%%%%%%%%%%%%%%%%%%
%%   Copyright (C) 2009 
%%%%%%%%%%%%%%%%%%%%%%%%%%%%%%%%%%%%%%%%%%%%%%%%%%%%%%%%%%%%%%%%%%%%%%%%%%%%%%%
%% 

@Comment From Desiree.ppt:

@Comment Gardner, R.M.; Yilu Liu, "FNET: A Quickly Deployable and Economic System to Monitor the Electric Grid," Technologies for Homeland Security, 2007 IEEE Conference on , vol., no., pp.209,214, 16-17 May 2007doi: 10.1109/THS.2007.370047

@Comment Yingchen Zhang; Markham, P.; Tao Xia; Lang Chen; Yanzhu Ye; Zhongyu Wu; Zhiyong Yuan; Lei Wang; Bank, J.; Burgett, J.; Conners, R.W.; Yilu Liu, "Wide-Area Frequency Monitoring Network (FNET) Architecture and Applications," Smart Grid, IEEE Transactions on , vol.1, no.2, pp.159,167, Sept. 2010

@Comment Yanzhu Ye; Yilu Liu, "Monitoring power system disturbances based on distribution-level phasor measurements," Innovative Smart Grid Technologies (ISGT), 2012 IEEE PES , vol., no., pp.1,8, 16-20 Jan. 2012

@Comment Z. Zhong, C. Xu, B. J. Billian, L. Zhang, S.-J. S. Tsai, R. W. Conners, V. A. Centeno, A. G. Phadke, and Y. Liu, "Power System Frequency Monitoring Network (FNET) implementation," IEEE Transactions on Power Systems, vol. 20, pp. 1914-1921, 2005. 

@Comment Lei Wang; Burgett, J.; Jian Zuo; Chun Chun Xu; Billian, B.J.; Conners, R.W.; Yilu Liu, "Frequency Disturbance Recorder Design and Developments,"Power Engineering Society General Meeting, 2007. IEEE , vol., no., pp.1,7, 24-28 June 2007

@Comment C. Xu, Z. Zhong, V.A. Centeno, R.W. Conners and Y. Liu, "Practical Issues in Frequency Disturbance Recorder Design for Wide-Area Monitoring", Electrical Power Quality and Utilization Journal, Vol. XI. No. 1. July 2005. pp. 69-76. 

@Comment Lang Chen; Markham, P.; Chien-fei Chen; Yilu Liu, "Analysis of societal event impacts on the power system frequency using FNET measurements,"Power and Energy Society General Meeting, 2011 IEEE , vol., no., pp.1,8, 24-29 July 2011''


@TechReport{Zhang2007,
  author = 	 {P. Zhang and J. Chen and M. Shao},
  title = 	 {Phasor Measurement Unit Implementation and Applications},
  institution =  {Electric Power Research Institute},
  year = 	 2007,
  month = 	 {November}}



@Article{Zhang2010,
  author = 	 {Y. Zhang and P. Markham},
  title = 	 {Wide-Area Frequency Monitoring Network (FNET) Architecture and Applications},
  journal = 	 {IEEE Transactions on the Smart Grid},
  year = 	 2010,
  volume = 	 1,
  number = 	 2,
  month = 	 {September}}



@Misc{pqube,
  author = 	 {Power Standards Lab},
  title = 	 {PQube electric power measurement instrument},
  howpublished = {http://www.powerstandards.com/PQube.php},
  year = 	 2013}

@Misc{acscout,
  author = 	 {AC Scout},
  title = 	 {AC Scout},
  howpublished = {http://www.acscout.com},
  year = 	 2013}



@PhdThesis{Markham2012,
  author = 	 {Penn Markham},
  title = 	 {Data Mining and Machine Learning Applications of Wide-Area Measurement Data in Electric Power Systems},
  school = 	 {University of Tennessee},
  year = 	 2012}

