
@BOOK{Ross10,
  AUTHOR =       {Ross, Sheldon M.},
  TITLE =        {Introduction to Probability Models},
  PUBLISHER =    {Academic Press},
  YEAR =         {2010},
  edition =      {10th Edition},
  isbn =         {978-0-12-375686-2},
}

@BOOK{bertsekas-gallager,
  AUTHOR =       {Bersekas, D. and Gallager, R.},
  TITLE =        {Data Networks},
  PUBLISHER =    {Prentice Hall},
  YEAR =         {1992},
  edition =      {2nd Edition},
  isbn =         {0132009161},
}

@BOOK{vapnik,
  AUTHOR =       {Vapnik, V.},
  TITLE =        {Statistical Learning Theory},
  PUBLISHER =    {Wiley},
  YEAR =         {1998},
}

@BOOK{cris-shawetaylor,
  AUTHOR =       {Cristianini, N. and Shawe-Taylor, J.},
  TITLE =        {An Introduction to Support Vector Machines and Other Kernel-based Learning Methods},
  PUBLISHER =    {Cambridge University Press},
  YEAR =         {2000},
  }

@INPROCEEDINGS{Walid,
  AUTHOR =       { Yang, K. and Walid, A.},
  TITLE =        {Outage-Storage Tradeoff in Smart Grid Networks with Renewable Energy Sources},
  BOOKTITLE =    {International conference on Computing, Networking \& Communications, ICNC},
  YEAR =         {2012},
  pages =        {},
  month =        {},
}

@INPROCEEDINGS{vichik-oshman,
  AUTHOR =       { Vichik, S. and Oshman, Y.},
  TITLE =        {Optimal Covariance Selection for Estimation Using Graphical Models},
  BOOKTITLE =    {2011 American Control Conference},
  YEAR =         {2011},
  pages =        {5049-5054},
  month =        {June},
}


@INPROCEEDINGS{Illic,
  AUTHOR =       {Masoud, N. and Illic, M.},
  TITLE =        {Technical Challenge in Modernizing Distribution Electric Power Systems with Large Number of Distributed Generator},
  BOOKTITLE =  {IEEE Power \& Energy Society},
  YEAR =         {2009},
  pages =        {},
  month =        {June},
}

@INPROCEEDINGS{Keshav-Rosenberg,
  AUTHOR =       {Keshav, S. and Rosenberg, C.},
  TITLE =        {How Internet Concepts and Technologies Can Help Green and Smarten the Electric Grid},
  BOOKTITLE =  {Proc. ACM SIGCOMM Green Networking Workshop},
  YEAR =         {2010},
  pages =        {},
  month =        {Aug.},
}

@INPROCEEDINGS{ji-wei-kuh,
  AUTHOR =       {Ji, C. and Wei, Y. and Kuh, A.},
  TITLE =        {Stochastic Queueing Models for Distributed {PV} Energy},
  BOOKTITLE =  {to be presented 2012 APSIPA ASC},
  YEAR =         {2012},
  pages =        {},
  month =        {Dec.},
}

@BOOK{Duda,
  AUTHOR =       {Duda, Richard O. and Hart, Peter E. and Stork, David G.},
  TITLE =        {Pattern Classification},
  PUBLISHER =    {Wiley},
  YEAR =         {2000},
  edition =      {2nd},
  month =        {November},
  isbn =         {978-0-471-05669-0},
}

@article{Bertsimas,
 author = {Bertsimas, Dimitris and Mourtzinou, Georgia},
 title = {Transient laws of non-stationary queueing systems and their applications},
 journal = {Queueing Syst. Theory Appl.},
 issue_date = {1997},
 volume = {25},
 number = {1/4},
 month = {Jan},
 year = {1997},
 issn = {0257-0130},
 pages = {115-155},
 numpages = {41},
 acmid = {597951},
 publisher = {J. C. Baltzer AG, Science Publishers},
 address = {Red Bank, NJ, USA},
 keywords = {Little's law, non-homogeneous Poisson process, non-stationary systems, transient analysis},
}


@article{Kalo,
    abstract = {},
    author = { Kalogirou, A.S.},
    journal = { Elsevier},
    keywords = {sg\_survey},
    number = {4},
    pages = {373--401},
    posted-at = {},
    priority = {3},
    title = {Artificial neural networks in renewable energy systems applications: a review},
    volume = {5},
    year = {2001}
}


@article{Ram,
  author    = {Ranchurn, S and Vytelingum, P. and Rogers, A and Jennings, N.R},
  title     = { Putting the ``Smarts" into the Smart Grid: A Grand Challenge for Artificial Intelligence},
  journal   = { Communications of The ACM},
  volume    = {55},
number={4},
  year = {2012},
pages = {83--97}
 
}

@article{eldar-merhav,
  author    = {Eldar, Y. and Merhav, N.},
  title     = {A Competitive Approach to Robust Estimation of Random Parameters},
  journal   = {IEEE Trans. on Signal Processing},
  volume    = {52},
number={7},
  year = {2004},
pages = {1931-1946}
 
}


@article{Poor,
  author    = {Saad, W. and Han, Z. and Poor, H.V., F. and Basar, T.},
  title     = {Game Theoretical Methods for the Smart Grid},
  journal   = {CoRR},
  volume    = {abs/1202.0452},
  year      = {2012},
  ee        = {http://arxiv.org/abs/1202.0452},
  bibsource = {DBLP, http}
}

@article{Wei,
  author    = {Wei, Y. and Ji, C. and Galvan, F. and Couvillon, S. and Orellana, G. and Momoh, J.},
  title     = {Non-Stationary Random Process for Large-Scale Failure and Recovery of Power Distributions},
  journal   = {CoRR},
  volume    = {abs/1202.4720},
  year      = {2012},
  ee        = {http://arxiv.org/abs/1202.4720},
  bibsource = {DBLP, http}
}

@article{Li-Zhang,
  author    = {Li, W. and Zhang, W.},
  title     = {QoS Routing in Smart Grid},
  journal   = {CoRR},
  volume    = {abs/1003.2142},
  year      = {2010},
  ee        = {http://arxiv.org/pdf/1003.2142.pdf},
  bibsource = {DBLP, http}
}

@article{Koutsopoulos,
  author    = {Koutsopoulos, I.and Tassiulas, L.},
  title     = {Control and Optimization Meet the Smart Power Grid: Scheduling of Power Demands for Optimal Energy Management},
  journal   = {CoRR},
  volume    = {abs/1008.3614},
  year      = {2010},
  ee        = {http://arxiv.org/pdf/1008.3614.pdf},
  bibsource = {DBLP, http}
}

@article{Neely,
  author    = {Neely, M. and Tehrani A. S. and Dimakis A. G.},
  title     = {Efficient Algorithms for Renewable Energy Allocation to Delay Tolerant Customers},
  journal   = {CoRR},
  volume    = {abs/1006.4649},
  year      = {2010},
  ee        = {http://arxiv.org/pdf/1006.4649.pdf},
  bibsource = {DBLP, http}
}



@TECHREPORT{Reportsolar,
  AUTHOR =       {Glassley, W. and Van Dam, C.P. and Shiu, H. and Huang, J. and Braum, G. and Holland, R. },
  TITLE =        {California Renewable Energy Forecasting, Resource and Mapping},
  INSTITUTION =  { California Institute for Energy and Environment},
  YEAR =         {2010},
  type =         {Technical Report},
  number =       {},
  address =      { http://uc-ciee.org/downloads/renewableenergyforecasting.pdf},
  month =        { },
}

@TECHREPORT{Baghaie,
  AUTHOR =       {Baghaie, M. and Moeller, S. and Krishnamachari, B.},
  TITLE =        {Energy Routing on the Future Grid: A Stochastic Network Optimization Approach},
  INSTITUTION =  {USC},
  YEAR =         {2010},
  type =         {Technical Report},
  number =       {},
  address =      { http://uc-ciee.org/downloads/renewableenergyforecasting.pdf},
  month =        { },
}


@TECHREPORT{sengupta-keller,
  AUTHOR =       {Sengupta M. and Keller J.},
  TITLE =        {PV Ramping in a Distributed Generation Environment: A Study Using Solar Measurements},
  INSTITUTION =  { National Renewable Energy Laboratory},
  YEAR =         {2012},
  type =         {Technical Report},
  number =       {},
  address =      { http://www.nrel.gov/docs/fy12osti/54141.pdf},
  month =        { },
}


@TECHREPORT{galvin,
  AUTHOR =       { },
  TITLE =        {What are Smart Microgrids},
  INSTITUTION =  {Galvin Electricity Initiative},
  YEAR =         {},
  type =         {Website Report},
  number =       {},
  address =      {http://www.galvinpower.org/microgrids/},
  month =        { },
}

@TECHREPORT{iit-perfect,
  AUTHOR =       { },
  TITLE =        {Perfect Power},
  INSTITUTION =  {Illinois Institute of Technology},
  YEAR =         {},
  type =         {Website Report},
  number =       {},
  address =      {http://www.iit.edu/perfect\_power/},
  month =        { },
}

@TECHREPORT{ucsd-energy,
  AUTHOR =       { },
  TITLE =        {Sustainability 2.0 A Living Laboratory},
  INSTITUTION =  {University of California San Diego},
  YEAR =         {},
  type =         {Website Report},
  number =       {},
  address =      {http://sustainability.ucsd.edu/initiatives/energy-production.html},
  month =        { },
}

@TECHREPORT{pecan-street,
  AUTHOR =       { },
  TITLE =        {Pecan Street Inc.},
  INSTITUTION =  {University of Texas, Austin},
  YEAR =         {},
  type =         {Website Report},
  number =       {},
  address =      {http://www.pecanstreet.org/},
  month =        { },
}

@TECHREPORT{uv,
  AUTHOR =       { },
  TITLE =        {Vermont-Sandia Partnership},
  INSTITUTION =  {University of Vermont},
  YEAR =         {},
  type =         {Website Report},
  number =       {},
  address =      {http://www.uvm.edu/~vtsandia/?Page=smartgrid.php},
  month =        { },
}

@TECHREPORT{jeju-sg,
  AUTHOR =       { },
  TITLE =        {Jeju Island Smart Grid Test-bed},
  INSTITUTION =  {Jeju Special Self-Governing Province Smart Grid Division},
  YEAR =         {},
  type =         {Website Report},
  number =       {},
  address =      {http://smartgrid.jeju.go.kr/eng/},
  month =        { },
}

@TECHREPORT{hcei,
  AUTHOR =       { },
  TITLE =        {Hawaii Clean Energy Initiative},
  INSTITUTION =  {Department of Business Economic Development \& Tourism},
  YEAR =         {},
  type =         {Website Report},
  number =       {},
  address =      {http://www.hawaiicleanenergyinitiative.org/},
  month =        { },
}

@InProceedings{dhillon3,
  author = 	 {S.  S. Dhillon and K. Chakrabarty},
  title = 	 {Sensor placement for effective coverage and surveillance in distributed sensor networks},
  booktitle = {Proceedings of the IEEE Wireless Communications and Networking Conference},
  pages = 	 {1609-1615},
  year = 	 2003}

@InProceedings{dhillon2,
  author = 	 {S.  S. Dhillon and K. Chakrabarty and S. S. Iyengar},
  title = 	 {Sensor placement for grid placement under imprecise detections},
  booktitle = {Fusion 2002},
  pages = 	 {1581-1587},
  year = 	 2002}


@Article{hu-kuh-yang-kavcic,
  author = 	 {Y. Hu and A. Kuh and T. Yang and A. Kavcic},
  title = 	 {A Belief Propagation Based Power Distribution System State Estimator},
  journal = 	 {IEEE Computational Intelligence Magazine},
  year = 	 2011,
  volume = 	 6,
  number = 	 3,
  pages = 	 {36-46},
  month = 	 {August}}

@InProceedings{hu-kuh-kavcic-nakafuji,
  author = 	 {Y. Hu and A. Kuh and A. Kavcic and D. Nakafuji},
  title = 	 {Real-time state estimation on micro-grids},
  booktitle = {2011 International Joint Conference on Neural Networks},
  pages = 	 {1378-1385},
  year = 	 2011,
  address = 	 {San Jose, CA},
  month = 	 {August}}
  
 @InProceedings{kuh-etal10,
  author = 	 {A. Kuh and C. Manloloyo and R. Corpuz and N. Kowahl},
  title = 	 {Wind Prediction using Complex Augmented Adaptive Kernel Filters},
  booktitle = {2010 International Conference on Green Circuits and Systems},
  year = 	 2010,
  address = 	 {Shanghai, China},
  month = 	 {June}}
  
  @InProceedings{hu-etal10,
  author = 	 {Y. Hu and A. Kuh and A. Kavcic and D. Nakafuji},
  title = 	 {Micro-grid State Estimation using Belief Propagation on Factor Graphs},
  booktitle = {Asia Pacific Signal and Information Processing Association Annual Summit and Conference},
  year = 	 2010,
  address = 	 {Singapore},
  month = 	 {Dec.}}
  
  @InProceedings{kowahl-kuh,
  author = 	 {N. Kowahl and A. Kuh},
  title = 	 {Micro-scale Smart Grid Optimization},
  booktitle = {2010 International Joint Conference on Neural Networks},
  year = 	 2010,
  address = 	 {Barcelona, Spain},
  month = 	 {July}} 

@Article{krause-singh-guestrin,
  author = 	 {A. Krause and A. Singh and C. Guestrin},
  title = 	 {Near-optimal sensor placements in Gaussian processes: theory, efficient algorithms, and empirical studies},
  journal = 	 {Journal of Machine Learning Research},
  year = 	 2008,
  volume = 	 9,
  pages = 	 {235-284}}

@Article{chen-abur,
  author = 	 {Chen, J. and Abur, A.},
  title = 	 {Placement of PMUs to enable bad data detection in state estimation},
  journal = 	 {IEEE Trans. on Power Systems},
  year = 	 2006,
  volume = 	 21,
  month =  {Nov.},
  pages = 	 {1608-1614}}

@Article{kuh-isess,
  author = 	 {A. Kuh},
  title = 	 {Renewable Energy and Island Sustainability and the {U}niversity of {H}awaii Smart Sustainable Microgrid Project},
  journal = 	 {submitted to Journal of Ecotechnology Research},
  year = 	 2013,
  }


@InProceedings{uddin12,
  author = 	 {M. Uddin and A. Kuh and A. Kavcic  and T. Tanaka},
  title = 	 {Approximate Solutions and Performance Bounds for the Sensor Placement Problem},
  booktitle = {2012 IEEE SmartGridComm},
  year = 	 2012,
  address = 	 {Tainan, Taiwan},
  month = 	 {Nov.}}
  
  @InProceedings{poolla,
  author = 	 {D. Bakken and A. Bose and K. Mani Chandy and P. Khargonekar and A. Kuh and S. Low and S. von Meier and
K. Poolla and P.P. Varaiya and F. Wu},
  title = 	 {GRIP: Grid with Intelligent Periphery: A Control Architecture for Grid 2050},
  booktitle = {2011 IEEE SmartGridComm},
  year = 	 2011,
  address = 	 {Brussels, Belgium},
  month = 	 {Oct.}}
  

@InProceedings{navid,
  author = 	 {N. T. Khajavi and A. Kavcic and A. Kuh},
  title = 	 {Approximate Solutions and Performance Bounds for the Sensor Placement Problem},
  booktitle = {First order Markov Chain Approximation of Microgrid Renewable Energy Generation Covariance Matrix },
  year = 	 2013,
  address = 	 {Istanbul, Turkey},
  month = 	 {July}}
  
  @InProceedings{carland,
  author = 	 {J. Carland and A. Oberbeck and M. Umeda and J. Cumming and T. Wilkey and M. Fripp and A. Kuh and D. Garmire},
  title = 	 {Self-Sufficient Smart-Grid Sensor Nodes and Architectures},
  booktitle = {submitted to Cleantech Conference and Showcase},
  year = 	 2013,
  address = 	 {Washington D.C.},
  month = 	 {May}}

@InProceedings{li-negi-ilic,
  author = 	 {Q. Li and R. Negi and M. Ilic},
  title = 	 {Phasor measurement units placement for power system state estimation: a greedy approach},
  booktitle = {Proceedings of IEEE Power and Energy Society General Meeting},
  pages = 	 {1-8},
  year = 	 2011,
  address = 	 {Detroit, MI},
  month = 	 {July}}

@Article{nwf,
  author = 	 {G. Nemhauser and L. Wolsey and M. Fisher},
  title = 	 {An analysis of the approximations for maximizing submodular set functions},
  journal = 	 {Mathematical Programming},
  year = 	 1978,
  volume = 	 14,
  pages = 	 {265-294}}


@InProceedings{xu-abur,
  author = 	 {B. Xu and A. Abur},
  title = 	 {Observability analysis and measurement placement for system with PMUs},
  booktitle = {Proc. IEEE Power Eng. Soc. Power Systems Conf. Expo},
  year = 	 2004,
  address = 	 {New York, NY},
  month = 	 {October}}

