@misc{Hafner2011,
  Author= "David Hafner",
  Title = "Future Power Distribution Requirements for the {UH Manoa} Campus",
  Month = "November",
  Year = "2011",
  howpublished = "http://vimeo.com/35032779"
}


@InProceedings{Valdes2009,
  author = 	 {A. Valdes and S. Cheung},
  title = 	 {Intrusion monitoring in process control systems},
  booktitle = {Proceedings of the 42nd Annual Hawaii International Conference on System Sciences},
  year = 	 2009}



@InProceedings{Berthier2010,
  author = 	 {R. Berthier and W. H. Sanders and H. Khurana},
  title = 	 {Intrusion Detection for Advanced Metering Infrastructures: Requirements and Architectural Directions},
  booktitle = {First IEEE International Conference on Smart Grid Communications},
  year = 	 2010}

@InProceedings{Xie2010,
  author = 	 {L. Xie and Y. Mo and B. Sinopoli},
  title = 	 {False Data Injection Attacks in Electricity Markets},
  booktitle = {First IEEE International Conference on Smart Grid Communications},
  year = 	 2010}

@InProceedings{Kosut2010,
  author = 	 {O. Kosut and L. Jia and R. J. Thomas and L. Tong},
  title = 	 {Malicious Data Attacks on Smart Grid State Estimation: Attack Strategies and Countermeasures},
  booktitle = {First IEEE International Conference on Smart Grid Communications},
  year = 	 2010}

@InProceedings{Khurana2010,
  author = 	 {H. Khurana and R. Bobba and T. Yardley and P. Agarwal and E. Heine},
  title = 	 {Design Principles for Power Grid Cyber-Infrastructure Authentication Protocols},
  booktitle = {Proceedings of the 43nd Annual Hawaii International Conference on System Sciences},
  year = 	 2010}

@InProceedings{Kundur2010,
  author = 	 {D. Kundur and X. Feng and S. Liu and T. Zourntos and K. L. Butler-Purry},
  title = 	 {Towards a Framework for Cyber Attack Impact Analysis of the Electric Smart Grid},
  booktitle = {First IEEE International Conference on Smart Grid Communications},
  year = 	 2010}



