@Book{Barsky98,
  author = 	 {Robert Barsky},
  title = 	 {Noam Chomsky: A life of dissent},
  publisher = 	 {MIT Press},
  year = 	 {1998}
}



@Misc{AgileManifesto,
  author =	 {Kent Beck},
  title =	 {Manifesto for Agile Software Development},
  howpublished = {\url{http://agilemanifesto.org}},
  year =	 {2001}
}

@misc{Coman2009, 
  title={A case-study on using an Automated In-process Software Engineering Measurement and Analysis system in an industrial environment}, 
  journal={2009 IEEE 31st International Conference on Software Engineering}, 
  publisher={IEEE}, 
  author={Coman, I D and Sillitti, A and Succi, G}, 
  year={2009}, 
  pages={89--99}}

@inproceedings{Shin2007,
 author = {Shin, Hyunil and Choi, Ho-Jin and Baik, Jongmoon},
 title = {Jasmine: a {PSP} supporting toolkit},
 booktitle = {Proceedings of the 2007 International Conference on Software Process},
 year = {2007},
 location = {Minneapolis, MN, USA},
 pages = {73--83},
 publisher = {Springer-Verlag},
 address = {Berlin, Heidelberg}
} 

@INPROCEEDINGS{Sison2005,
author={Sison, R.}, 
booktitle={Software Engineering Conference, 2005. APSEC '05. 12th Asia-Pacific}, 
title={{Personal Software Process (PSP) Assistant}}, 
year={Dec.}, 
}

