
@INPROCEEDINGS{Roseman92,
   AUTHOR = {Mark Roseman and Saul Greenberg},
   BOOKTITLE = {Proceedings of the 1992 Conference on Computer Supported Cooperative Work},
   MONTH = {November},
   TITLE = {GroupKit: A Groupware Toolkit for Building Real-Time Conferencing Applications},
   YEAR = 1992
}