@Misc{csdl-home-page,
  note = {WWW HREF $=$ ``http://www.ics.hawaii.edu/~csdl/''}
}

@Misc{egret-home-page,
  note = {WWW HREF $=$ ``http://www.ics.hawaii.edu/~csdl/egret''}
}


@Misc{clare-home-page,
  note = {WWW HREF $=$ ``http://www.ics.hawaii.edu/~csdl/clare''}
}


@Misc{csrs-home-page,
  note = {WWW HREF $=$ ``http://www.ics.hawaii.edu/~csdl/csrs''}
}


@Misc{aen-home-page,
  note = {WWW HREF $=$ ``http://www.ics.hawaii.edu/~csdl/aen''}
}


@Misc{ics-www-home-page,
  note = {WWW HREF $=$ ``http://www.ics.hawaii.edu/~csdl/ics-www''}
}


